3718 5836
953 747 1148 816 ...92-

519 937 523 948 .
607 884 661 948 Sol
676 903 807 969 semper
819 890 891 954 heic
901 895 949 954 est
964 910 1067 972 nsque
1081 909 1102 953 a
1116 889 1204 952 mani
1219 888 1262 952 ad
1278 905 1449 968 vesperum
1548 877 1555 894 '

553 1086 555 1095 y
606 991 703 1066 Quasi
716 992 879 1076 flaqitator
891 997 999 1060 adstat
1013 997 1167 1077 usquead
1188 994 1319 1058 ostium.

1255 1107 1390 1172 Mostell.
1408 1111 1478 1173 760.
1555 1145 1557 1151 ι

577 1358 769 1446 Quomodo
783 1383 870 1458 ergo
898 1361 1096 1460 scriptores
1123 1363 1168 1438 ab
1189 1365 1256 1436 hac
1274 1385 1418 1438 morum
1439 1369 1473 1438 et
1487 1365 1565 1462 opi-

527 1481 681 1556 nionum
703 1483 877 1558 universa
894 1487 1110 1582 contagione
1131 1513 1169 1562 se
1189 1487 1353 1586 integros
1373 1513 1519 1562 servare
1530 1494 1568 1594 et

526 1629 548 1678 a
567 1607 674 1681 turba
694 1631 885 1706 segregare
905 1611 1141 1708 potuissent?
1154 1610 1256 1700 Quod
1271 1619 1326 1687 est
1342 1609 1566 1711 enimscrip·

525 1731 617 1806 toris
638 1731 832 1806 officium?
858 1735 997 1832 Nempe
1030 1759 1152 1810 mores
1169 1736 1350 1834 inspicere
1378 1744 1414 1809 et
1433 1737 1566 1834 depin-

524 1880 623 1954 gere,
646 1855 862 1954 popularem
879 1882 1007 1934 auram
1031 1861 1212 1958 excipere,
1236 1867 1272 1934 et
1291 1883 1335 1934 ee
1360 1863 1566 1958 ponderare

524 2006 618 2079 quae,
636 1981 712 2054 sive
727 2005 744 2054 a
762 1981 993 2080 philosophis
1014 1985 1059 2058 ad
1076 2009 1198 2058 rerum
1213 1991 1383 2058 naturam
1398 1992 1567 2060 scrutan-

525 2108 608 2180 dam
629 2111 690 2180 aut
718 2106 829 2180 vitam
850 2107 1043 2184 hominum
1056 2175 1059 2184 ,
1073 2111 1271 2206 regendam
1292 2117 1577 2222 proponuntur&

526 2231 603 2304 sive
629 2230 792 2328 elegum
814 2230 994 2306 latoribus
1020 2235 1065 2306 ad
1088 2233 1353 2330 rempublicam
1372 2235 1565 2307 moderan-

526 2358 654 2429 damet
668 2355 1565 2456 bonaintercivesaequabiliterdispertiendains·
1642 2424 1645 2428 ,

526 2482 735 2554 tituuntur:
757 2505 836 2575 quae
856 2481 981 2554 omnia
1000 2482 1170 2578 magicae
1186 2483 1316 2578 magle,
1332 2483 1566 2557 laventeani-

526 2627 672 2678 morum
711 2609 747 2678 et
777 2628 923 2678 morum
955 2607 1173 2695 mutatione,
1198 2606 1359 2704 primum
1380 2607 1565 2704 sapientes

494 2734 500 2746 '
521 2729 593 2836 viri
615 2728 651 2802 in
671 2727 833 2804 medium
853 2732 1024 2822 atterunt,
1052 2732 1138 2804 dein
1164 2737 1310 2827 tempus
1329 2733 1374 2804 ad
1390 2737 1562 2806 eventum
1613 2753 1615 2758 ’

523 2852 704 2950 perducit.
732 2853 882 2929 Latinus
914 2855 1026 2950 igitur
1058 2856 1217 2952 scriptor
1249 2855 1421 2951 antiquos
1442 2879 1565 2935 mores

522 3003 605 3052 cum
621 2979 666 3050 iis
682 2979 894 3052 adventitiis
915 2987 1116 3076 comparat,
1132 2979 1209 3075 qui,
1226 2990 1413 3052 crescente
1427 2979 1563 3053 mirum

522 3105 559 3178 in
581 3105 732 3178 modum
748 3103 905 3202 imperio
925 3083 1090 3193 romano,
1110 3129 1153 3178 ex
1175 3104 1292 3202 polita
1312 3104 1451 3178 Graecia
1471 3130 1564 3202 opu-

523 3230 698 3324 lentaque
716 3228 803 3301 Asia
818 3231 971 3303 Romam
987 3227 1220 3303 deduxerunt
1238 3254 1246 3318 ;
1267 3229 1464 3326 perpendit
1475 3229 1563 3324 qnid

526 3351 612 3425 novi
638 3352 754 3425 latino
780 3352 1062 3446 ingeniodoetae
1095 3351 1290 3424 intulerint
1320 3351 1487 3440 Athena,
1525 3357 1564 3433 'et

527 3477 656 3574 quanti
690 3477 870 3550 momenti
893 3475 1001 3549 luerit
1032 3477 1076 3548 ad
1098 3475 1257 3570 rigidam
1286 3475 1422 3550 veteris
1443 3475 1565 3572 reipu-

526 3600 630 3674 blicae
650 3624 864 3697 compagem
885 3601 1161 3675 dissolvendam
1190 3605 1375 3694 aequatum
1389 3600 1447 3674 ius
1466 3600 1566 3672 inter

526 3749 656 3799 omnes
668 3725 766 3798 cives
786 3734 934 3800 etvetus
953 3726 1017 3798 illa
1029 3724 1269 3822 patriciorum
1283 3731 1318 3798 et
1334 3699 1565 3820 plebeiorum

525 3849 671 3924 sublato
690 3849 793 3927 omni
808 3849 906 3921 inter
925 3850 1075 3922 ordines
1088 3847 1456 3935 discrimine,sedeta
1475 3871 1566 3922 con-

523 3973 664 4048 tentio:
695 3997 850 4068 querum
868 3997 991 4046 rerum
1012 3971 1154 4045 nullam
1175 3971 1293 4044 aiure
1314 3973 1480 4068 separari
1502 3997 1565 4068 po-

524 4098 639 4172 tuisse
654 4097 890 4171 manifestum
905 4105 973 4170 est.
989 4103 1072 4168 llaec
1090 4093 1156 4167 illa
1168 4094 1235 4170 luit
1247 4095 1441 4191 proposita
1452 4095 1567 4192 scrip·

523 4221 668 4296 toribus
685 4221 869 4308 materies,
887 4245 953 4293 nee
972 4221 1088 4314 magis
1101 4243 1145 4292 eu
1160 4218 1294 4307 Pierio,
1312 4239 1422 4314 quam
1438 4241 1482 4292 ex
1495 4218 1562 4292 illo

524 4345 616 4418 iuris
636 4345 735 4418 tonte
755 4343 930 4420 tlosculos
945 4343 1123 4420 orationis
1142 4343 1426 4416 arcessiverunt.
1558 4321 1560 4326 ⁵

575 4467 680 4540 Nunc
695 4467 726 4540 si
745 4469 790 4540 ad
810 4447 987 4540 voeabula
1012 4465 1177 4540 animum
1206 4466 1458 4554 advertemus,
1486 4491 1562 4540 non
