3718 5836
381 981 383 987 s
418 911 420 920 l
495 1017 500 1022 .,
520 921 605 984 Nihil
619 922 817 986 detfortnne
831 924 1001 1006 mancipio.

970 1023 1045 1084 Sen.
1062 1021 1168 1106 Epist.
1185 1022 1234 1084 tr.

215 1193 217 1197 ’
332 1173 436 1247 Nunc
456 1195 585 1247 rursus
612 1181 648 1247 et
668 1181 817 1272 propter
843 1197 902 1246 res
922 1173 1071 1268 iterum,
1093 1173 1182 1268 iuro⁴
1199 1172 1320 1246 medie

284 1296 671 1396 naseuntur-hominis
694 1297 955 1390 inhominem,
985 1279 1127 1372 scilicet
1145 1299 1323 1371 creditoris

233 1489 236 1498 .
283 1419 322 1496 in
359 1423 551 1511 debitorem,
579 1423 642 1518 qui
674 1423 821 1498 vinculo
847 1423 1007 1496 nectitur
1025 1423 1143 1498 donec
1170 1423 1322 1496 solocado

284 1551 501 1640 satisfecerit,
533 1551 738 1642 Ottipaatar
775 1549 960 1631 debitores
990 1547 1048 1621 vel
1081 1535 1226 1636 delictis
1264 1545 1324 1618 vel

288 1671 415 1770 pactis.
447 1673 556 1746 Pecto
589 1674 737 1748 luerunt
761 1673 913 1769 antiqua
935 1699 1076 1762 acaaar,
1100 1676 1323 1766 mancipatio,

285 1781 417 1889 sparsio
427 1829 443 1884 ;
463 1798 646 1872 recentius
667 1801 790 1889 titteris
812 1803 957 1895 pactum
978 1799 1113 1872 tectum
1146 1802 1214 1886 est,
1242 1818 1325 1869 cum

288 1921 571 2017 patresfamilias
583 1925 619 1996 in
636 1927 767 1996 tabutas
777 1931 841 1998 aut
856 1929 981 2022 codices
995 1927 1122 2018 accepti
1141 1936 1172 1995 et
1187 1917 1328 2014 caprasi
1387 1995 1389 1998 .

289 2048 427 2141 nomiae
441 2047 650 2142 terrentout
666 2050 860 2122 referrent.
884 2051 1031 2122 Factum
1049 2056 1104 2122 est
1117 2055 1152 2120 et
1164 2049 1328 2140 emptione

291 2175 495 2261 venditione,
513 2199 605 2263 oum·
622 2176 800 2272 emptoris
828 2177 921 2249 fides
944 2173 1146 2255 venditoris
1162 2171 1327 2245 dictisni·

291 2303 449 2387 teretur3
472 2299 606 2372 tactum
635 2285 703 2372 est‘
719 2305 754 2372 et
775 2303 1190 2402 locatione-coadactioae,
1224 2294 1329 2368 cuius

292 2422 450 2522 pretium
473 2449 595 2496 merces
611 2424 699 2512 luit3
720 2425 855 2498 iactum
882 2432 919 2497 et
935 2427 1148 2511 commodato,
1171 2444 1254 2495 eum
1270 2441 1330 2492 res

292 2547 477 2644 praebetur
502 2541 640 2638 utenda,
662 2556 698 2621 et
722 2564 850 2638 arrrtao,
883 2571 981 2637 cum,
1016 2549 1134 2622 locate
1161 2545 1329 2643 pecunie,

294 2671 488 2744 locutionis
507 2697 643 2760 merces,
671 2699 778 2744 asaro
808 2681 870 2746 out
892 2679 1003 2766 serras,
1038 2681 1203 2766 tempore
1234 2674 1338 2741 certo

295 2796 483 2870 redditur:
506 2802 583 2869 tum
603 2797 683 2869 lieri
704 2805 824 2894 potest
841 2806 879 2870 ut
895 2797 1070 2882 creditor,
1090 2795 1248 2868 debitori
1269 2777 1341 2865 diti

297 2922 400 3010 fisus,
417 2925 546 3015 pipicus
566 2923 612 2994 ab
631 2922 697 2996 illo
712 2923 782 2995 sibi
799 2923 933 3019 exigat.
1280 2925 1283 2930 ’

346 3047 480 3119 Multas
494 3047 592 3120 ultro
608 3031 757 3120 modum
767 3072 870 3124 ceras
883 3053 1008 3120 exeret
1022 3045 1083 3118 ille
1098 3045 1160 3141 qui
1174 3043 1336 3116 recolere

242 3160 244 3164 ⁵
298 3171 384 3266 v'elit
402 3171 552 3268 quoties
566 3171 721 3248 iuridica
752 3174 823 3246 iste
849 3177 1025 3270 usurpate
1049 3171 1123 3243 sint
1142 3195 1164 3243 a
1183 3168 1337 3276 scripto·
1359 3161 1362 3166 ’

299 3297 401 3371 ribus
424 3297 468 3369 de
489 3297 562 3370 elie
588 3321 627 3370 re
655 3297 802 3384 locutis,
825 3322 908 3370 eum
941 3298 1078 3394 stylum
1111 3273 1242 3368 acuere
1275 3299 1338 3366 out
1396 3369 1399 3376 ,

298 3405 459 3496 hilarere
474 3403 677 3496 studerent.
690 3424 1030 3519 Speciminetomen
1043 3445 1158 3525 pauca
1171 3418 1338 3516 expromi

301 3546 456 3654 libebit.-
758 3539 767 3548 ’
825 3529 829 3550 ”
1015 3523 1017 3530 ’
1107 3523 1113 3526 ’

315 3780 318 3790 .
343 3687 426 3786 llttu
441 3725 646 3786 occasionem
669 3724 826 3807 oblipaadi
848 3737 898 3786 me·
921 3724 1108 3787 avidissime
1136 3715 1342 3810 amplecteris

304 3831 335 3886 et
351 3843 411 3904 ego
427 3824 548 3886 nemini
561 3824 714 3887 libentius
729 3823 832 3885 debeo.
1165 3817 1169 3824 '¹

464 3915 638 4000 (Voconius
649 3923 813 3984 Romanus
827 3923 935 3984 Prisco
949 3918 1222 3996 commendatur.)
1303 3923 1306 3930 '

863 4021 942 4079 Ptin.
959 4021 1027 4080 lun.
1045 4019 1151 4100 Epist.
1164 4035 1198 4090 u,
1216 4017 1262 4075 t3.

384 4135 434 4196 Nil
446 4135 479 4195 in
501 4141 533 4196 te
549 4137 678 4216 scripsi,
692 4138 857 4217 Bithynice
876 4154 882 4210 ;
901 4135 1022 4198 credere
1036 4154 1100 4196 non
1117 4135 1165 4195 vis

468 4235 505 4295 Et
518 4235 624 4298 iurare
640 4237 751 4298 iubes:
769 4238 853 4298 malo
868 4235 1059 4316 satisfacere.

902 4337 993 4394 Mart.
1010 4333 1194 4415 Epipr.x11,
1216 4329 1264 4387 78.

411 4487 431 4534 ,5
448 4479 458 4532 j
518 4524 522 4531 .
551 4448 656 4512 Sotait
671 4470 729 4529 pro
745 4451 827 4544 duce
839 4456 993 4513 votasuo.

872 4605 876 4609 .
913 4549 1003 4610 llart.
1021 4547 1137 4629 Epdpr.
1154 4560 1219 4618 vui,
1235 4544 1266 4602 l.
