3718 5836
972 756 1167 830 ...26-

547 894 642 987 alter
655 914 708 988 de
738 899 842 988 malo
845 915 997 986 carmine
1010 909 1223 986 Trebatium
1237 908 1384 986 abunde
1404 911 1589 1046 iocantem

548 1038 770 1153 ihduxit‘(l).

562 1163 758 1238 Marcum
792 1165 916 1240 autem
952 1159 1116 1238 Tullium
1150 1151 1225 1240 nisi
1256 1163 1330 1253 hic,
1357 1169 1397 1244 ut
1426 1183 1585 1263 semper,
1647 1261 1650 1268 Ι

544 1287 793 1380 inveniamus,
814 1287 895 1364 iure
913 1287 1085 1362 miranda
1095 1311 1155 1362 res
1176 1287 1238 1362 sit.
1265 1289 1333 1378 Qui
1348 1284 1479 1364 eodem
1499 1284 1586 1388 styli

545 1417 674 1490 tenore
693 1413 856 1511 ambigui
874 1411 1163 1512 descriptionem
1182 1419 1218 1487 ct
1237 1393 1429 1512 exemplar
1455 1415 1594 1490 adum·
1678 1399 1682 1406 ⁴

542 1537 638 1614 brat.
657 1571 675 1608 «
705 1541 774 1614 Per
787 1537 1015 1635 ambiguum,
1033 1561 1117 1614 cum
1133 1539 1287 1614 verbum
1306 1545 1427 1637 potest
1440 1540 1478 1616 in
1491 1541 1586 1616 duas

543 1664 724 1768 pluresve
742 1664 944 1738 sententias
959 1663 1122 1762 accipi...
1145 1667 1185 1738 ut
1212 1663 1309 1739 daeo
1336 1663 1367 1738 si
1395 1663 1498 1740 dices
1523 1667 1586 1762 qui

544 1787 683 1867 multas
697 1788 922 1872 hereditates
936 1787 1070 1862 adierit
1086 1812 1094 1863 :
1111 1787 1284 1886 Prospice
1317 1797 1370 1878 tu,
1394 1789 1457 1886 qui
1472 1789 1586 1887 pluri·
1667 1861 1670 1868 .

544 1909 648 1988 mum
674 1901 796 1988 cernis
817 1941 834 1984 r
855 1915 1127 2012 (2)..Praeterea
1155 1935 1265 1988 nemo
1299 1913 1409 1988 homo
1441 1917 1585 2012 estqui

543 2038 688 2164 ignoret
708 2037 948 2132 metuendum
963 2037 1072 2112 illum
1092 2045 1305 2142 patronum,
1326 2061 1410 2112 cum
1430 2039 1468 2112 in
1489 2039 1582 2113 Sici-

544 2149 603 2266 lla
638 2167 835 2264 praetorem
867 2164 1054 2238 atrocibus
1087 2163 1210 2237 verbis
1242 2163 1484 2238 baccharetur
1516 2165 1576 2260 (3)

544 2289 667 2388 ipsum
688 2309 824 2364 nomen
843 2287 1033 2362 verrinum
1055 2287 1203 2362 scurrili
1218 2288 1410 2364 dicacitate
1438 2297 1580 2364 contor-
1702 2333 1705 2338 ·

545 2413 938 2502 sisse.Quin'1urenis
960 2414 1094 2504 adhuc,
1112 2437 1195 2488 cum
1217 2413 1316 2488 idem
1336 2414 1474 2510 agendi
1487 2415 1581 2489 lace
1592 2415 1597 2426 ’

544 2549 600 2616 ret
630 2539 791 2627 initium,
824 2538 897 2612 iam
918 2562 984 2636 per
1002 2538 1181 2636 tragicum
1198 2537 1334 2614 -iocum
1365 2537 1581 2638 eloquentie

544 2689 714 2812 eampum
736 2663 915 2739 dederat:

584 2855 667 2928 Quid
681 2857 730 2918 ais
745 2857 760 2916 t
775 2855 878 2936 Vulgo
903 2853 1148 2916 occidebantur.
1169 2855 1230 2916 Per
1245 2869 1326 2935 quos
1342 2861 1373 2918 et
1392 2875 1412 2920 a
1437 2856 1584 2938 quibust

544 2957 656 3019 Nonne
672 2955 796 3034 cogitas
822 2959 854 3016 te
878 2972 897 3015 a
923 2952 1091 3014 rectoribus
1117 2954 1180 3016 huc
1195 2952 1374 3022 adductum
1391 2957 1487 3016 asset
1501 2945 1593 3028 Quid'

544 3057 659 3132 postca
671 3054 686 3113 ‘l
698 3051 867 3112 Nescimus
888 3065 946 3130 per
954 3051 1024 3112 ista
1045 3057 1203 3131 tempora,
1221 3053 1353 3114 eosdem
1367 3054 1438 3116 iere
1456 3063 1586 3116 sectores

544 3151 647 3214 fuisse
668 3149 825 3211 collorum
848 3155 880 3211 et
895 3145 1099 3232 bonorum(t
1101 3151 1142 3230 >t

1136 3247 1200 3310 Pro
1216 3248 1304 3310 Itorc
1319 3207 1428 3312 Amor.
1450 3251 1501 3312 29.

544 3560 561 3566 ..
591 3465 837 3568 lurrsrrouns.
866 3465 1107 3560 Nequaquam
1143 3485 1232 3536 sane
1262 3462 1317 3536 illi
1336 3487 1510 3567 ¹quorum
1537 3465 1585 3570 ad

433 3627 437 3668 ;
543 3581 652 3664 aures
670 3581 824 3685 grandia
839 3612 881 3662 ea
893 3588 1004 3662 verba
1017 3593 1237 3679 sonuerunt,
1252 3589 1348 3661 cives
1363 3593 1427 3662 aut
1447 3575 1584 3690 sicarii,

544 3714 712 3813 oppressi
727 3713 1070 3810 autopprimentes,
1088 3711 1222 3824 rictum
1233 3708 1420 3788 hilaritate
1432 3713 1587 3787 diduxe-

544 3846 645 3915 runt.
659 3839 741 3914 Nec
772 3838 890 3934 magis
909 3835 973 3920 ‚ad
1000 3835 1188 3910 tollendos
1207 3837 1420 3928 cachinnos,
1456 3831 1602 3912 verum

545 3963 668 4061 potius
695 3963 742 4038 ad
774 3963 1024 4038 uerecundum
1059 3960 1175 4038 risum
1203 3962 1604 4061 movendumspectat¹

552 4231 619 4306 (Ι)
631 4233 689 4289 Sat
701 4231 740 4298 ΙΙ,
750 4247 771 4302 ι,
783 4231 818 4289 82
837 4235 865 4289 at
877 4227 922 4288 83
934 4229 977 4288 Gi.
992 4230 1086 4302 Epist.
1103 4231 1141 4298 ΙΙ,
1156 4247 1177 4296 ι,
1190 4231 1242 4289 ibt
1257 4244 1319 4301 sqq
1598 4295 1612 4304 μ

576 4312 622 4384 (2)
634 4311 680 4368 Aa
691 4311 759 4370 Her
779 4311 827 4380 ΙΙΙ
842 4309 886 4367 bt.
903 4311 1022 4367 Cernere
1040 4310 1100 4367 tere
1113 4309 1190 4368 idem
1213 4315 1354 4381 astatque
1377 4311 1459 4366 odire
1473 4299 1588 4368 harediss
1590 4363 1592 4370 ,

548 4397 743 4544 taledlllltputr'r
757 4474 792 4530 Io
808 4474 840 4540 Q
855 4473 1006 4540 Otacilium,
1021 4467 1154 4530 XVII.

586 4553 626 4625 (4)
638 4552 761 4609 sectores
771 4557 912 4610 vocantur
925 4553 975 4624 qui
990 4551 1186 4624 publicatione
1202 4556 1369 4609 mercantur
1383 4551 1500 4621 (Gaiusl.
