3718 5836
975 783 1020 816 .-
1056 743 1175 812 50-

556 917 574 956 a
602 890 921 966 dotemeruerunt
945 891 1003 992 (l)
1024 925 1055 980 ι,
1081 921 1098 960 a
1123 891 1208 964 dote
1238 888 1445 986 ferocesp)
1461 918 1478 955 a
1494 896 1531 962 et
1547 886 1610 961 sai

555 1013 648 1088 iuris
669 1015 772 1090 liant.
801 1017 876 1090 lam
893 1021 1002 1092 antea
1022 1015 1185 1104 Naevius,
1206 1037 1289 1090 eum
1310 1013 1416 1088 noris
1437 1013 1511 1086 illis
1528 1037 1610 1086 mo-

537 1137 663 1214 ¹ribus
683 1141 814 1216 domos
845 1143 1077 1240 perturbatas
1108 1140 1263 1228 rideret,
1287 1139 1344 1212 his
1366 1137 1489 1214 verbis
1509 1137 1611 1212 indi-

564 1263 748 1361 gnabatur
764 1291 772 1339 :

723 1409 822 1482 Quasi
837 1409 948 1472 dedita
969 1429 1080 1491 opera,
1098 1429 1170 1490 quae
1186 1427 1247 1492 ega
1259 1409 1343 1484 volo,
1359 1426 1398 1472 ea
1408 1413 1444 1470 tu
1459 1407 1583 1483 mavis;

721 1505 798 1578 Quae
814 1525 875 1588 ego
888 1508 974 1584 nolo,
991 1527 1030 1572 ea
1051 1511 1182 1588 cupis...

718 1605 811 1668 Nulla
825 1607 866 1668 ad
882 1625 944 1668 nos
960 1607 1068 1670 dotem
1082 1606 1219 1670 adtollat
1234 1610 1241 1666 t

557 1752 629 1828 Sed
648 1753 766 1829 multo
793 1756 914 1830 acrior
941 1763 977 1831 et
1007 1757 1236 1834 constantior
1264 1757 1302 1830 in
1322 1755 1604 1853 culpandadote

560 1877 725 1969 Plautus,
760 1885 800 1954 ut
837 1882 906 1955 hoc
939 1904 1076 1979 ponere
1108 1881 1310 1979 possimus,
1346 1879 1384 1952 in
1421 1882 1601 1992 Asinaria,

563 2005 992 2095 AululariaMene'clamis,
1007 2013 1201 2096 Mercatore,
1217 2029 1298 2082 eam
1309 2005 1364 2078 illi
1378 2005 1603 2102 praecipuam

563 2129 679 2204 luisse
712 2155 853 2219 euram,
884 2155 988 2208 suam
1023 2132 1234 2231 opinionem
1277 2130 1394 2206 dotali
1431 2129 1605 2202 instituto

563 2255 759 2330 adversam
788 2279 912 2332 coram
934 2257 1072 2356 populo
1100 2243 1296 2356 profiteri.¹
1312 2255 1395 2330 Dixi
1427 2254 1540 2350 igitur
1566 2258 1603 2325 et

563 2379 645 2454 dieo
672 2387 817 2480 poetam
837 2389 1021 2470 nostrum,
1044 2407 1128 2458 cum
1162 2383 1336 2478 antiquos
1373 2377 1598 2454 matrimonii

563 2529 685 2580 mores
720 2509 843 2582 Romae
875 2508 913 2582 in
943 2507 1047 2605 peius
1077 2506 1178 2583 abire
1212 2506 1347 2593 videat,
1384 2510 1420 2578 et
1464 2504 1601 2577 lrustra

560 2629 665 2704 illam
681 2632 874 2720 mulierem
895 2633 1058 2728 requirat
1077 2657 1157 2730 quar
1180 2635 1295 2705 lanam
1312 2635 1398 2725 facit
1416 2643 1449 2702 et
1468 2632 1599 2700 doraum

560 2769 687 2843 servat,
714 2780 921 2854 novamque
947 2763 1091 2832 aetatem
1119 2757 1259 2832 instare
1281 2754 1493 2853 prospiciat,
1528 2775 1601 2849 qua

562 2880 685 2955 mariti
712 2885 881 2956 umoribus
900 2885 1063 2955 ancillari
1078 2884 1125 2980 (3)
1149 2889 1210 2958 aut
1225 2885 1392 2955 acroribus
1411 2883 1533 2952 nabere
1546 2880 1600 2974 (t)

564 3005 751 3098 solebant,
790 3007 828 3081 in
859 3013 1001 3104 pestem
1035 3006 1112 3110 lato.
1143 3008 1375 3103 ingruentem
1406 3002 1600 3077 summavi

562 3131 701 3220 invehi,
735 3155 890 3227 eamque
929 3132 1041 3206 etiam
1090 3138 1200 3229 atque
1245 3131 1357 3206 etiam
1406 3127 1598 3214 infamare,

561 3281 751 3354 nunquam
765 3264 888 3346 tamen
901 3256 1064 3354 apertius
1083 3281 1193 3354 quam
1221 3254 1409 3352 Megadori
1432 3275 1546 3326 voce:

641 3411 710 3488 lleo
727 3410 858 3489 quidem
872 3409 982 3470 animo
1004 3411 1032 3470 si
1052 3410 1137 3470 idem
1153 3410 1273 3470 faciant
1287 3407 1408 3483 caeteri,

638 3508 865 3586 Opulentiores
879 3508 1112 3587 pauperiorum
1133 3507 1217 3568 filias

639 3606 682 3667 llt
700 3605 863 3668 indotatas
878 3605 1000 3666 ducant
1015 3605 1159 3676 domum,

639 3703 679 3766 Et
693 3704 795 3766 multo
809 3703 925 3764 civitas
941 3704 999 3765 fiat
1013 3704 1216 3778 concordior,

616 3825 620 3838 ¹
639 3804 679 3863 Et
693 3801 816 3863 invidia
830 3820 890 3863 nos
905 3803 1030 3863 minore
1050 3807 1182 3864 utamur
1204 3819 1303 3880 quam
1325 3801 1458 3876 utimur,
1480 3835 1483 3842 ·

640 3901 679 3962 Et
690 3901 753 3961 illae
767 3901 886 3962 malam
903 3919 971 3961 rem
987 3905 1134 3962 metuant
1148 3919 1246 3978 quam
1263 3903 1413 3960 metuunt
1427 3898 1543 3978 magis,

636 3999 676 4060 Et
690 4017 751 4061 nos
767 3999 890 4060 minore
906 4004 1039 4078 sumptu
1055 3999 1157 4060 simus
1174 4017 1272 4078 quam
1286 4015 1415 4058 sumus.

1248 4093 1431 4172 Aulularia,
1448 4096 1518 4155 l3l.

597 4283 636 4355 ll)
651 4282 841 4350 Mostellaria,
857 4282 919 4340 281.

593 4364 633 4436 (2)
648 4365 799 4422 Materiam.
812 4364 874 4422 680.

595 4444 633 4514 (3)
648 4443 803 4514 Turpilium
919 4449 922 4454 '

596 4524 634 4595 ll)
650 4525 729 4580 Mart.
748 4523 922 4594 aptaramm.
941 4541 1000 4592 var,
1019 4526 1060 4580 lli.
