3718 5836
692 743 740 755 -.
767 705 812 773 39
840 745 886 756 ..

249 871 252 878 '
268 855 372 944 Quod
388 878 497 929 nemo
520 855 648 942 nescit,
669 859 704 925 el
720 851 824 924 laaile
841 852 1100 949 suspicabitur,
1123 857 1154 930 si
1173 803 1306 954 quis'iu

261 981 431 1054 secundo
459 985 506 1052 De
525 983 667 1051 Oratore
686 976 781 1050 libro
802 975 865 1050 illa
885 979 938 1050 de¹
955 977 1097 1052 facetiis
1118 968 1237 1078 capita
1255 981 1308 1055 le-

268 1109 341 1199 get,
361 1103 400 1177 in
421 1103 569 1200 quibus,
589 1101 682 1176 lulio
699 1100 841 1174 Caesare
855 1100 1044 1198 loquente,
1066 1105 1210 1179 Tullius
1227 1105 1309 1202 plu·

269 1225 364 1300 rima
389 1226 547 1300 ridicula
566 1230 846 1312 commemorat,
870 1249 950 1320 qum
975 1225 1050 1322 ipsi
1066 1227 1177 1316 salsa,
1200 1229 1309 1304 nobis
1430 1238 1433 1247 '

269 1357 392 1426 autem
414 1351 504 1424 satis
526 1349 657 1447 lrigida
672 1350 858 1424 videntur.
882 1351 977 1437 Quot
993 1352 1134 1450 populi,
1153 1359 1205 1427 tol
1223 1361 1309 1429 sunt

270 1475 366 1550 risus
387 1481 510 1573 partes
526 1481 565 1551 et
583 1473 782 1572 provincia
802 1498 809 1548 :
831 1479 873 1547 ut
888 1477 985 1571 apud
1003 1497 1070 1550 nos
1091 1465 1307 1552 maritorum

269 1599 481 1673 miserabile
500 1597 744 1673 infortunium
771 1596 926 1671 irridere
945 1599 983 1672 in
1004 1601 1309 1676 consuetudinem

270 1725 380 1818 vertit
411 1731 447 1798 et
466 1724 603 1821 populo
618 1729 675 1796 est
700 1729 917 1818 acceptum3
939 1725 1135 1821 nam‘apud
1153 1726 1310 1801 maiores

242 1903 245 1910 ·
271 1855 430 1939 nostroe,
449 1846 859 1936 commodoshomines,
874 1847 1054 1922 ridiculus
1069 1853 1148 1923 erat
1159 1853 1311 1924 mmchae

272 1973 398 2048 uxoris
411 1972 592 2058 maritus3
624 1971 779 2066 ideoque
799 1970 972 2046 Racinius
991 1971 1029 2044 in
1056 1977 1242 2067 lpiiqcnia
1257 1977 1310 2050 fa·

270 2097 371 2186 bula,
400 2097 446 2172 ad
466 2120 575 2172 usum
594 2095 782 2170 Gallorum
802 2097 1091 2188 accommodata,
1114 2095 1189 2173 nou'
1208 2106 1309 2173 'com-

273 2222 373 2296 misit
411 2227 452 2296 ut
477 2219 685 2295 Menelaum
723 2219 927 2295 induceret.
953 2207 1143 2297 ¹Theseum
1170 2205 1308 2320 ipsum,

274 2370 384 2444 quem
410 2343 643 2420 humillimas
669 2349 791 2442 partes
808 2344 848 2418 in
871 2343 1310 2444 Pradonislabulaagere
1423 2357 1429 2366 '

271 2471 455 2556 videmus,
473 2474 599 2566 utpote
615 2468 794 2559 caelibem,
811 2467 988 2543 comedia
1005 2469 1075 2544 sibi
1095 2471 1175 2546 iure
1194 2469 1313 2546 vindi-

272 2599 384 2670 caret.
399 2595 444 2668 dt
459 2589 634 2668 Romanis
647 2593 758 2692 patrii
772 2599 858 2668 sunt
871 2594 941 2670 ioci
960 2594 1107 2669 iuridici
1122 2601 1159 2670 et
1179 2624 1197 2667 a
1214 2597 1311 2672 sales

272 2721 370 2795 iutra
383 2718 550 2818 pomaria
564 2719 642 2793 nati
658 2715 726 2818 (1)ss
751 2747 768 2789 a

320 2845 367 2920 Ut
387 2829 460 2934 res,
477 2843 528 2918 ita
541 2843 676 2918 verba:
692 2842 848 2918 iuridica
862 2864 950 2939 ergo
962 2843 1217 2936 translatione,
1232 2872 1312 2944 quae

272 2970 371 3068 apud
386 2993 454 3044 nos
470 2969 590 3066 lriget,
606 2968 748 3042 romani
765 2968 934 3042 homines
952 2967 1222 3062 alliciebantur,
1236 2996 1313 3047 mo-

273 3103 526 3199 vebanturque
557 3108 594 3206 et
625 3101 843 3199 plerumque
881 3101 1172 3180 delectabantur.
1207 3093 1313 3193 Quod

274 3230 410 3304 lactum
432 3228 545 3302 luisse
565 3228 671 3302 facile
697 3227 885 3324 intelligas
904 3253 912 3301 :
933 3235 1065 3302 natura
1080 3229 1178 3302 enim
1197 3237 1234 3304 et
1247 3254 1312 3304 ne·

275 3353 446 3431 cessitate
460 3354 618 3450 quadam
633 3354 679 3428 ad
694 3376 756 3427 eas
771 3377 830 3426 rcs
846 3376 1011 3427 remeare
1033 3353 1135 3430 soliti
1155 3361 1261 3429 erant
1275 3356 1313 3430 in

275 3480 409 3577 quibus
427 3486 604 3577 perpetuo
630 3478 885 3566 versabantur,
904 3483 1002 3553 etex
1022 3479 1067 3552 iis
1094 3503 1175 3553 eam
1190 3481 1312 3576 quoti-

276 3603 423 3678 dianam
450 3603 554 3700 quasi
576 3601 782 3700 sportulam
794 3608 935 3700 petere,
957 3627 1029 3700 qua
1048 3626 1155 3678 mens
1169 3603 1313 3679 refove-

276 3733 390 3803 retur.
772 3743 776 3751 ·

324 3853 465 3951 Nempe
487 3852 650 3950 apueris
666 3849 766 3948 leges
785 3850 890 3925 liberi
910 3852 1143 3942 condiscunt,
1164 3879 1181 3922 c
1199 3875 1313 3950 expo·

275 3977 383 4066 liunt,
397 3976 679 4062 docentliteras,
695 3976 790 4062 iura,
806 3975 938 4072 leges»
954 3977 1022 4073 (2);
1037 3975 1194 4050 tulliana
1208 3981 1313 4052 aetate

277 4103 481 4176 etiamtum
501 4101 701 4176 Duodecim
720 4099 880 4174 Tabulas
895 4101 1077 4175 ediscunt.
1097 4102 1222 4197 Neque
1235 4125 1313 4174 aevo

312 4365 622 4460 mmmmm

313 4469 349 4539 (l)
368 4467 460 4524 Plaut.
477 4467 597 4525 Mostell.
611 4465 675 4527 125.
