3718 5836
924 730 1117 802 ..28-

497 876 646 956 deducti
676 899 806 952 sumus
832 899 923 974 quas
941 877 1065 952 Roma
1085 876 1124 952 In
1144 877 1281 954 Iorensi
1311 877 1552 954 commercIo

498 1001 635 1078 summi
661 1001 840 1110 momenti
871 1000 985 1078 tuisse
1015 1025 1124 1078 nemo
1155 1003 1313 1100 ignorat.
1342 1002 1534 1078 Formulas

497 1126 623 1224 igitur,
645 1131 687 1202 nt
713 1132 798 1225 pote
813 1150 893 1223 quae
914 1125 1052 1226 stylum
1068 1129 1174 1226 quasi
1189 1128 1288 1204 ultro
1304 1127 1533 1212 invaderem,

496 1251 649 1326 litterati
667 1251 837 1326 homines
857 1251 991 1350 saepius
1019 1259 1243 1352 exceperunt
1263 1253 1396 1350 quibus
1416 1273 1534 1325 remo·

497 1375 661 1450 tissimus
688 1375 891 1450 sententias
908 1375 1119 1452 redderent.
1148 1377 1245 1466 Quas
1276 1401 1407 1452 omnes
1436 1397 1537 1449 reco-

496 1523 674 1598 gnoscere
707 1523 885 1600 perquam
906 1500 1058 1600 longum
1074 1501 1123 1576 eit
1141 1525 1183 1576 ac
1209 1500 1421 1578 molestum.
1439 1499 1531 1588 Quid

493 1625 611 1724 prosit
629 1623 872 1702 enimomnes
886 1627 1099 1702 continuata
1121 1627 1217 1702 serie
1229 1626 1331 1707 Iocus
1347 1649 1392 1702 ex
1408 1624 1544 1700 ordine,

495 1751 734 1827 introducere
760 1749 798 1824 in
835 1749 970 1846 quibus
995 1759 1057 1826 aut
1089 1751 1218 1848 logicae
1237 1759 1300 1826 aut
1319 1749 1451 1826 ethicae
1479 1755 1542 1842 aut

501 1875 618 1950 cuivis
651 1873 895 1974 philosophice
926 1874 1022 1972 parti
1054 1875 1300 1951 admoventur
1335 1854 1542 1950 locutiones

496 2001 579 2074 istae
598 1991 666 2074 aut'
694 1997 774 2072 aliae
794 1997 1008 2098 eJusmodi:
1039 2003 1112 2084 Qun
1143 2001 1238 2072 dere
1257 2002 1375 2094 apitur
1407 1996 1469 2095 (1).
1496 1999 1543 2068 Dc

496 2125 615 2198 eudem
632 2150 670 2198 re
697 2126 768 2196 olio
787 2124 883 2196 modo
904 2123 985 2220 (2)!
1012 2125 1107 2196 Ilicet
1120 2124 1189 2221 (3).
1214 2125 1345 2208 Quibus
1373 2125 1479 2196 scium
1505 2133 1537 2192 et

492 2263 608 2344 potero
635 2251 697 2347 (1).
720 2250 882 2341 Itemque
900 2272 1004 2320 causa
1020 2253 1162 2342 estquin
1177 2248 1240 2347 (5).
1273 2252 1340 2342 Ope
1363 2245 1544 2322 consitione

497 2388 554 2448 tuo
570 2375 631 2470 (0).
652 2377 690 2446 Vi
699 2376 888 2468 horninibus
900 2377 1045 2444 armatis
1059 2373 1123 2470 (7).
1144 2375 1219 2446 Vidi
1240 2373 1310 2470 (8).
1325 2373 1543 2468 Spondesne?

496 2541 545 2554 -
560 2500 711 2592 Spondeo
732 2497 799 2594 (9).
813 2500 936 2588 St'pnu,
963 2500 1098 2590 sipnutc
1117 2501 1268 2581 Quirites
1297 2497 1390 2596 (10),
1409 2503 1446 2572 et
1470 2502 1542 2569 cet.

496 2623 595 2710 Quas
614 2620 780 2716 siugulas
795 2619 976 2694 formulas
996 2621 1059 2719 qui
1072 2643 1295 2718 pernoscere
1310 2620 1424 2712 volat,
1440 2620 1544 2700 Bris-

497 2743 649 2817 sonium
670 2741 789 2816 adibit
802 2746 851 2832 et,
870 2742 1034 2839 perlecto
1053 2749 1099 2816 De
1112 2745 1279 2816 Formutis
1294 2741 1405 2830 libro,
1432 2741 1542 2816 intel·

502 2868 593 2962 liget
632 2866 779 2962 quoties
803 2866 993 2964 suppetias
1030 2867 1116 2942 huic
1151 2867 1372 2942 advenerint
1399 2852 1547 2951 classici

360 2995 371 3012 '
498 2990 618 3066 nostri
632 2990 848 3088 scriptores.
866 2990 1058 3064 Horatium
1073 2991 1408 3077 nostantummodo
1422 2989 1548 3088 appel·

498 3116 635 3203 lemus,
649 3115 712 3210 qui
728 3114 1097 3189 formulasimitando
1113 3139 1152 3188 se
1174 3115 1254 3212 ipse
1278 3137 1548 3210 nonnunquam

496 3237 710 3314 oblectavit.
748 3237 933 3324 Quicum
970 3237 1183 3312 Trebatium
1204 3239 1352 3312 Testem
1373 3238 1443 3312 iret
1457 3260 1549 3311 con·
1654 3297 1664 3312 .

501 3362 643 3438 sult‘nm
668 3403 715 3420 -
732 3361 958 3436 nontamen
982 3361 1050 3436 sub
1067 3360 1168 3457 'galli
1195 3367 1344 3434 cantum
1367 3360 1443 3458 (11)
1462 3367 1550 3434 tan·

532 3617 575 3692 (I)
591 3617 652 3676 Cio.
671 3617 794 3684 Brutus,
809 3618 854 3675 79.

534 3698 573 3770 (1)
586 3697 643 3754 Cic.
658 3699 700 3754 De
712 3695 763 3767 (1η.
779 3695 814 3762 11,
826 3696 878 3762 19ς
894 3694 989 3766 Epist.
1004 3695 1050 3752 Ad
1062 3696 1144 3752 Fam.
1160 3695 1242 3764 XIII,
1255 3697 1297 3752 19.

531 3777 570 3850 (3)
591 3776 682 3832 Plaut.
700 3774 823 3832 Moatett.
841 3777 906 3832 837.
921 3776 1035 3831 Terent.
1051 3774 1169 3845 Adetptr.
1186 3775 1247 3831 781.

537 3853 583 3928 (1)·
592 3855 650 3911 Cic.
665 3853 800 3909 De'Orut.
814 3869 835 3922 1,
852 3853 899 3910 22.

536 3935 575 4006 (5)
589 3933 681 3990 Plaut.
695 3931 842 4001 Amphitr.
858 3933 929 3998 098)
947 3932 1070 4002 Cuptiur',
1086 3931 1149 3988 187.
1260 3989 1261 3993 ,
1295 3939 1297 3944 ’
1344 3943 1345 3948 ’

536 4014 575 4087 (8)
588 4012 647 4070 Cic.
661 4013 701 4068 De
712 4014 775 4066 not.
789 4011 873 4066 Deor.
882 4012 935 4079 III,
951 4010 996 4066 30.

538 4093 575 4165 (7)
594 4091 653 4148 Cic
666 4091 761 4162 Epist.
775 4091 917 4146 Auram..
938 4091 1001 4156 XV,
1015 4091 1058 4146 16.
1094 4131 1096 4136 .

541 4172 581 4243 (8)
595 4173 663 4227 Juv
677 4171 738 4225 Sat.
754 4170 817 4236 VII,
837 4169 892 4236 I3;
910 4169 987 4232 XVI.
1008 4169 1052 4225 30.

540 4251 579 4322 (9)
595 4250 687 4306 Plaut.
705 4249 833 4337 Captivi,
845 4249 908 4305 831
1156 4244 1162 4250 “

532 4331 590 4402 (10)
605 4329 686 4385 Ovid
699 4329 791 4396 Ροη1.,
806 4328 854 4396 IV,
871 4328 917 4391 15,
931 4328 988 4394 11;
1008 4328 1091 4383 Mart.
1106 4317 1205 4396 Epion.
1218 4327 1268 4394 IX,
1281 4271 1365 4384 87.

530 4411 592 4483 (11)
610 4409 678 4464 IIor
695 4409 754 4462 Sat.
768 4407 791 4474 I,
806 4409 833 4475 I,
847 4407 891 4463 10.
908 4405 950 4463 CI.
980 4406 1039 4462 Cic.
1053 4407 1110 4460 Pro
1124 4406 1202 4460 Mur
1219 4407 1282 4462 III:
1312 4407 1349 4463 Te
1373 4407 1539 4522 gallorum..
1532 4449 1558 4464 ..

500 4494 606 4549 cantus
620 4486 785 4556 exsusoItat.
1143 4525 1146 4531 .
1501 4534 1503 4542 ,
