3718 5836
942 695 1136 762 46-

522 837 706 912 heredites
725 837 864 912 viritim
891 842 928 911 et
949 838 1064 936 aequis
1090 837 1255 936 pertibus
1281 837 1395 914 dividi
1419 839 1556 913 dehet:
1625 811 1630 822 ’

522 967 634 1058 unde,
656 965 785 1062 procul
800 965 926 1056 dubio,
946 970 1030 1039 nete
1050 969 1107 1038 est
1130 965 1359 1062 frequentate
1379 965 1445 1042 ille
1460 965 1558 1039 locu-

519 1090 572 1164 tio
592 1114 702 1187 quem
728 1090 892 1187 ingenito
924 1113 1036 1165 sensu
1060 1112 1134 1164 non
1161 1095 1307 1168 exutam
1339 1093 1436 1189 apud
1462 1090 1557 1164 Cice·

474 1201 479 1212 “
519 1239 649 1290 ronem
664 1216 826 1312 reperies
847 1239 856 1288 :
879 1215 1080 1291 videlicet:

560 1369 608 1431 Me
624 1370 693 1432 cius
706 1370 864 1432 beneficio
877 1371 1061 1452 plusquam
1075 1371 1162 1433 uirili
1172 1380 1265 1455 porto
1276 1373 1455 1454 obligatum
1468 1375 1558 1454 pute.

1202 1479 1348 1566 Philipp.
1366 1487 1479 1560 x111‚l.

569 1629 678 1704 Recte
699 1653 814 1706 necne
826 1653 935 1712 voces
949 1655 1012 1709 ees
1031 1634 1147 1709 aiure
1166 1633 1325 1732 primam
1341 1638 1474 1710 ducere
1485 1633 1561 1709 'ori-

520 1757 643 1853 ginem
675 1760 933 1836 contendimus
960 1762 1202 1858 tUtcumque
1229 1769 1298 1853 est,
1328 1787 1442 1841 unum
1481 1761 1562 1836 sine

432 1909 434 1914 ·
520 1883 632 1956 dubio
646 1887 889 1961 asserendum
903 1894 959 1962 est
976 1911 984 1960 :
999 1887 1290 1962 multeiuridieae
1306 1888 1441 1986 lingue
1456 1909 1562 1962 voce·

518 2006 617 2101 bule,
659 2036 739 2108 quae
769 2011 912 2088 iamdiu
936 2013 1143 2112 profluente
1171 2015 1336 2090 omnium
1369 2013 1563 2089 hominum

520 2159 690 2210 sermone
704 2139 860 2212 convehi
876 2139 1000 2214 solent
1013 2146 1124 2238 atque
1143 2141 1227 2216 ideo
1243 2139 1400 2238 pristine
1418 2139 1455 2212 vi
1474 2161 1563 2236 spo·

518 2260 608 2335 liuto
620 2261 882 2352 devolvuntur,
899 2265 1036 2340 iterum
1056 2271 1093 2340 et
1112 2289 1197 2342 vere
1211 2266 1408 2340 iuridicum
1429 2286 1565 2339 sonum

519 2385 672 2462 reddere
704 2395 874 2486 possunt,
904 2392 1015 2466 modo
1054 2391 1198 2467 sollerti
1228 2391 1418 2490 scriptoris
1450 2413 1565 2464 manu

520 2511 676 2587 excitate
706 2516 1019 2613 redintegrentur.
1053 2515 1239 2594 Nonnulla
1271 2515 1440 2614 exempla
1478 2538 1566 2613 pro·

519 2658 656 2732 ponere
676 2635 816 2710 licebit.

567 2757 666 2834 Nihil
699 2762 863 2859 prolecto
889 2762 1020 2838 tritum
1052 2765 1170 2860 magis
1202 2787 1313 2862 quem
1343 2760 1567 2836 adieetivum

518 2905 655 2960 nomen
682 2892 885 2980 communis,
927 2911 1125 2966 commune
1154 2913 1284 2964 revere
1301 2889 1440 2965 bonum
1473 2883 1567 2960 scri-

517 3009 641 3084 bentis
661 3013 872 3090 cuiuslibet.
888 3013 994 3101 Quod
1015 3014 1171 3089 verbum
1190 3013 1254 3112 qui
1267 3013 1383 3089 utitur
1401 3015 1464 3088 aut
1476 3009 1569 3106 legit

518 3134 678 3210 multum
696 3137 800 3212 obest
821 3143 860 3213 ut
880 3159 940 3213 res
963 3137 1049 3214 illes
1071 3161 1288 3236 communes
1306 3137 1430 3214 enimc
1456 3158 1568 3232 repe-

514 3264 570 3334 tet
588 3283 680 3358 ques
700 3263 991 3361 tragicuspoete
1020 3253 1105 3362 epte
1130 3262 1327 3359 descripsit
1347 3285 1356 3335 ε

511 3477 516 3486 .
598 3429 787 3494 Communis
803 3449 885 3495 usus
899 3435 1045 3495 omniurn
1060 3450 1173 3495 rerum
1187 3421 1260 3492 luit.

1142 3530 1217 3592 Sen.
1243 3528 1350 3592 Oetae.
1365 3531 1436 3594 403.
1524 3525 1531 3608 ἶ

518 3707 594 3780 Hoc
614 3714 739 3780 temen
756 3707 876 3779 Flacci
893 3730 1022 3780 versus
1040 3734 1049 3777 ε

601 3876 770 3941 Difficilest
782 3877 915 3956 proprie
932 3876 1108 3936 communio
1123 3875 1242 3936 dicere.

1298 3971 1336 4030 Α.
1354 3971 1393 4031 Ρ.
1411 3973 1483 4032 128.-

517 4115 616 4187 houd
636 4136 743 4184 secus
762 4118 873 4204 atque
892 4110 1061 4182 eiusdem
1082 4109 1241 4180 alterum
1263 4109 1354 4180 troc:

601 4274 723 4334 Cervus
739 4287 860 4349 equurn
875 4287 987 4348 pugne
1000 4269 1114 4329 melior
1129 4265 1337 4327 communibus
1350 4268 1461 4330 herbis

598 4367 755 4431 Pellebat.

1152 4413 1284 4538 'spos
1308 4461 1332 4532 1,
1358 4459 1407 4538 ro,
1429 4463 1480 4523 ar.
