3718 5836
645 723 875 808 '-ee-

310 892 442 967 Errant
462 894 596 964 eutem
626 911 634 960 :
668 911 754 962 nem
781 904 1014 990 quocumque
1053 918 1166 968 sensu
1200 893 1302 966 hunc·

262 1013 596 1110 locumintelliges,
619 1013 695 1087 sive
712 1011 912 1124 inboncm
931 1023 1070 1116 partem
1091 1017 1223 1112 trahis,
1257 1021 1299 1108 ut

262 1147 345 1240 post
374 1139 588 1214 Turnebum
634 1137 853 1226 Gronovius,
883 1143 974 1232 sive,
1007 1149 1045 1218 ut
1075 1143 1231 1228 daudet,
1260 1139 1297 1218 in

261 1267 410 1353 melam,
427 1289 534 1362 preco
553 1264 621 1359 side
642 1287 684 1336 ee
707 1288 786 1360 quae
816 1291 924 1358 preco
953 1273 1098 1362 emptori
1124 1267 1295 1342 habende

261 1400 318 1466 est
349 1391 458 1478 tides,
487 1387 741 1490 significetur.
780 1390 885 1478 Quod
926 1392 1168 1490 Demophilus
1193 1391 1298 1466 nullu

264 1517 374 1594 modo
394 1514 651 1612 scripsisset...
669 1514 700 1586 si
716 1517 1069 1611 unquemvixisset.
1238 1529 1241 1536 '

282 1644 505 1716 vPostremo
530 1639 898 1716 animadvertendum
915 1651 971 1718 est
1002 1643 1113 1718 etiem
1138 1641 1302 1717 Terentii
1369 1631 1372 1642 ’
1446 1707 1450 1716 .

265 1767 407 1846 tabulas
426 1754 634 1862 legentibus
666 1766 736 1840 hoc
755 1766 793 1840 in
822 1773 982 1842 mentem
1005 1792 1197 1843 occurrere
1213 1767 1304 1842 iuri·

266 1895 366 1970 dicas
390 1891 540 1966 facetias
564 1915 721 1989 perraro
751 1891 788 1965 in
817 1893 891 1966 illis
912 1893 1084 1968 inveniri.
1114 1893 1302 1968 Nonnulla
1337 1909 1367 1926 ²

266 2019 416 2116 quidem
449 2017 611 2090 romanis
658 2015 825 2091 moribus
872 2042 1025 2116 prorsus
1050 2018 1305 2092 convenientis

176 2178 180 2183 *
266 2144 389 2242 possis
403 2143 501 2239 apud
533 2165 618 2214 eum
647 2141 938 2238 deprehendere,
970 2143 1176 2240 presertim
1206 2142 1304 2216 iniis

270 2293 349 2367 quae
364 2275 489 2342 narrat
505 2257 737 2342 Chremesin
751 2271 1130 2342 Heautontimorumeno
1150 2269 1219 2367 (t),
1241 2268 1306 2341 sed

192 2467 195 2473 .
269 2395 485 2492 plerumque
499 2415 541 2464 en
553 2415 633 2486 quse
643 2389 734 2464 iuris
746 2398 833 2465 sunt
846 2394 1045 2490 depingere
1059 2417 1133 2466 non
1147 2393 1304 2480 laboret,

268 2519 398 2593 eteius
414 2516 563 2614 generis
595 2517 711 2604 iocos,
741 2517 887 2592 etiamsi
913 2519 972 2592 vel
1005 2542 1135 2617 perum
1162 2521 1306 2593 curanti

268 2645 348 2742 ipsu
382 2649 589 2732 occurrent,
637 2648 763 2718 temen
814 2649 984 2719 consulto
1027 2643 1307 2744 praetermittere

156 2809 159 2816 .
269 2771 429 2856 videtur,
446 2774 486 2844 ut
506 2767 569 2864 qui
588 2768 634 2841 dc
647 2767 727 2842 iure
743 2779 925 2866 perpauca
940 2771 1097 2844 disseret
1111 2776 1147 2843 et
1162 2791 1309 2864 semper

270 2897 315 2968 nd
335 2907 480 2990 aequum
497 2917 536 2966 se
555 2872 702 2970 ⁴referre
738 2901 923 2990 properet.
951 2895 1097 2968 Scilicet
1135 2893 1220 2990 quie
1246 2897 1306 2964 eut

270 3020 361 3095 iuris
374 3019 439 3092 ille
459 3017 696 3092 mediocriter
733 3019 925 3094 consultus
951 3020 1106 3116 eratin),
1137 3025 1204 3092 eut
1221 3041 1304 3114 pro·
1357 3050 1358 3054 ¹

272 3144 460 3242 gredieute
494 3147 613 3231 aetete,
641 3165 786 3217 morum
819 3143 914 3218 secte
962 3145 1082 3220 fueret
1116 3141 1302 3232 muteti03

272 3269 430 3366 denique
443 3290 518 3340 non
532 3267 631 3342 idem
650 3267 844 3344 Terentius
864 3275 986 3369 captet
1013 3270 1111 3366 quod
1136 3267 1303 3362 Plautus,

273 3417 392 3490 neque
406 3392 540 3465 iisdem
567 3415 708 3466 morem
740 3394 832 3488 gerit
854 3395 1135 3492 spectatoribus
1158 3394 1210 3466 Ex
1238 3413 1310 3485 quo

274 3521 347 3593 duo
363 3522 580 3612 sequuntur,
599 3541 678 3612 quen
695 3515 881 3592 nutavisse
894 3520 1045 3616 dignum
1065 3527 1133 3606 est,
1153 3539 1310 3614 quorum

274 3645 433 3719 alterum
448 3641 493 3712 nd
505 3641 677 3713 Plautum
691 3648 842 3738 spectet,
855 3644 1012 3718 alterum
1026 3645 1072 3718 nd
1082 3643 1309 3716 Terentium.

274 3770 378 3842 Hunc
399 3765 512 3852 enim,
545 3765 592 3838 oh
612 3766 649 3838 id
689 3767 810 3864 ipsum
843 3771 941 3868 quod
974 3771 1112 3846 iccetiis
1147 3768 1312 3842 iuridicis

274 3890 634 3987 abstinet,‘exemple
648 3915 765 3987 greecn
780 3895 989 3991 religiosius
1002 3896 1185 3972 imitatum
1202 3894 1314 3966 tuisse

273 4015 506 4103 indicaveris,
526 4039 730 4113 rursusque
743 4019 781 4092 in
798 4021 875 4109 illo,
890 4010 979 4110 hoc,
1003 4021 1198 4106 intersitio,
1230 4043 1312 4115 pro-

314 4349 625 4423 (nucerinum.

317 4431 355 4503 (2)
375 4431 454 4498 Quod
482 4432 608 4490 scrihere
622 4435 727 4508 licebit,
739 4454 795 4497 non
821 4443 949 4502 obstante
974 4441 1107 4500 Eunuchi
1127 4435 1318 4510 protegenti
1362 4509 1364 4512 Ι

281 4513 376 4586 legum
389 4510 469 4568 rudis
483 4510 531 4568 ille
546 4513 661 4588 Lucius
676 4519 812 4578 Thesauri
827 4523 991 4594 suetonius
1006 4539 1022 4578 c
1040 4520 1168 4579 Terentio
1188 4518 1315 4574 docetur.
