3718 5836
1011 1409 1041 1484 V

848 1645 1061 1700 conuersus
1091 1645 1219 1702 rauels

523 1955 525 1960 -
562 1902 666 1976 Nunc
684 1921 729 1974 ex
749 1904 850 1976 tanta
867 1897 1033 1976 locorum
1061 1900 1229 1976 inunum
1250 1901 1562 2012 convenientium¹
1642 1913 1647 1982 ξ
1690 1927 1697 1946 ·

515 2025 754 2100 multitudine
786 2023 875 2100 licet
904 2024 1076 2120 quaedam'
1102 2023 1274 2123 colligere
1300 2026 1346 2099 ad
1378 2025 1416 2098 id
1450 2025 1550 2122 quod

514 2149 669 2247 probare
684 2149 894 2238 statuimus,
911 2148 1206 2226 confirmandum
1220 2175 1230 2241 ;
1252 2151 1358 2248 cujus
1374 2157 1503 2248 postea
1515 2158 1552 2224 et

467 2341 469 2345 .
515 2299 666 2350 sensum
682 2272 919 2374 interpretari
945 2279 1126 2350 etcausas
1145 2275 1339 2372 exquirere
1359 2275 1398 2350 in
1425 2275 1550 2350 animo

513 2402 705 2476 habemus.

561 2518 612 2590 Aa
631 2516 791 2614 primum
804 2527 955 2618 apparet
970 2545 1044 2611 eus,
1062 2545 1152 2617 quas
1163 2519 1268 2594 initio
1281 2517 1551 2616 appellavimus

511 2641 663 2717 facetias
695 2641 886 2736 iuridicas,
915 2649 1014 2745 apud
1041 2647 1177 2722 latinos
1213 2645 1411 2742 scriptores
1438 2643 1552 2718 tuisse

512 2766 678 2856 usitatas,
698 2791 855 2864 quorum
877 2770 1075 2870 plerosque
1104 2795 1150 2846 ex
1162 2769 1254 2844 iuris
1267 2767 1386 2843 civilis
1399 2767 1551 2842 scientia

509 2916 553 2966 ea
591 2893 810 2990 sumpsisse,
835 2897 970 2993 quibus
1002 2922 1061 2972 res
1089 2895 1359 2972 remotissimas
1397 2893 1444 2968 ah
1472 2893 1552 2968 iure

509 3015 609 3090 civili
648 3017 914 3114 significarent,
940 3023 1146 3120 legentibus
1186 3019 1424 3094 manifestum
1455 3025 1548 3107 est3

510 3141 1549 3243 cumquenullaparssitiurisinquemnonincurrerint,

510 3266 618 3364 plura
638 3273 761 3342 tumen
796 3293 859 3344 eos
893 3277 955 3345 ex'
976 3271 1196 3360 actionibus,
1227 3292 1337 3366 quam
1358 3292 1402 3341 ex
1422 3267 1554 3340 ceteris

510 3391 603 3464 iuris
640 3393 809 3489 partibus
862 3395 1078 3470 abstulisse.
1107 3397 1257 3492 ..Neque
1287 3415 1426 3482 rerum,
1461 3415 1553 3488 quus

509 3515 668 3612 intelligi
679 3516 821 3608 volunt,
837 3521 949 3594 etiam
963 3521 1186 3618 vulgarium,
1198 3517 1549 3604 ullusestdelectus‚

511 3633 730 3738 infinitaque
748 3651 805 3719 est
818 3647 918 3743 regio
932 3647 1037 3723 cuius
1051 3645 1371 3721 terministacetiae
1391 3641 1555 3718 iuridice*
1646 3637 1650 3645 ’

511 3765 751 3843 includantur
778 3798 786 3842 :
810 3795 1023 3869 quanquam
1044 3772 1084 3848 in
1099 3771 1357 3869 philosophia,
1391 3764 1555 3842 dialecti·

513 3915 637 3988 caeque
658 3899 693 3968 et
737 3917 884 3971 morum
915 3897 1079 3972 scientiae
1119 3897 1213 3971 fines
1246 3897 1304 3971 ius
1335 3894 1555 3992 plerumque

514 4016 716 4091 derivatur.
793 4090 796 4094 .

561 4141 700 4215 Forsan
715 4143 849 4242 aliquis
863 4147 998 4222 dixerit
1010 4171 1079 4223 nos
1100 4148 1138 4222 in
1153 4148 1222 4222 hoc
1240 4147 1390 4219 inanem
1404 4163 1554 4240 operam

511 4265 769 4360 insumpsisse,
811 4275 859 4356 et,
896 4271 1052 4346 curiosa
1108 4295 1283 4366 vanaeque
1333 4265 1554 4341 eruditionis

514 4389 638 4464 studio
659 4389 907 4488 indulgentes,
928 4397 1020 4470 nihil
1053 4397 1152 4494 quod
1182 4398 1368 4468 Romanos
1383 4389 1554 4465 homines

515 4516 688 4613 depingat
706 4526 742 4592 et
758 4545 842 4594 vere
862 4546 1058 4598 romanum
1078 4523 1126 4597 sit
1142 4521 1341 4611 invenisse,
1364 4515 1552 4592 similiter-
