3718 5836
713 738 907 807 ...29-

290 878 678 983 quamsmediocrteuli
704 887 912 984 litigatores
942 927 991 946 -
1026 886 1086 961 his
1111 884 1331 962 necessariis

285 1001 415 1086 sorbis
436 1019 612 1114 exceptus
631 1020 709 1088 est:
802 1055 804 1061 =
914 1073 924 1092 .

448 1195 531 1274 Ergo
543 1147 712 1256 oonsuiere
728 1197 760 1255 et
774 1210 849 1264 mou
861 1191 1061 1272 respondere
1073 1191 1184 1254 licebit

993 1289 1063 1352 Sat.
1079 1307 1113 1364 11,
1127 1292 1157 1365 3,
1177 1289 1248 1350 192.
1276 1365 1280 1370 ι

295 1501 367 1574 quo
384 1501 471 1582 vere
496 1483 736 1585 ‚saeronsanoto
762 1479 926 1552 carmine
946 1458 1184 1554 consultores
1211 1463 1331 1574 primo

296 1601 421 1679 statim
435 1595 589 1680 introitu
602 1603 781 1680 salutatos
794 1604 989 1678 iuissanos
1002 1601 1244 1710 dooetCiaaro
1265 1601 1330 1697 (u.

286 1727 372 1818 'Nec
387 1751 462 1803 non
480 1727 631 1806 Flaccus
650 1725 750 1802 idem
766 1727 979 1825 sepulchra,
1002 1750 1061 1800 ras
1081 1725 1168 1800 licet
1187 1722 1333 1818 religio·

298 1876 372 1943 sas,
401 1857 525 1928 monte
544 1853 677 1928 saltem
692 1877 733 1927 ao
753 1853 917 1928 ludendo
938 1851 1087 1940 invasit,
1109 1873 1208 1940 oum,
1229 1848 1333 1944 quin‘·
1370 1932 1372 1940 .

297 2001 367 2074 que
397 1977 531 2054 litteris
563 1979 607 2052 H.
635 1979 683 2072 M.
701 1979 745 2052 Η.
776 1979 820 2052 Ν.
854 1978 893 2052 S.
915 1977 991 2078 iere
1012 1973 1231 2062 observatis,
1257 1973 1335 2046 hoc

296 2103 489 2180 conderet:
651 2099 653 2104 ’
775 2095 778 2104 ’

455 2273 599 2342 Heredes
613 2285 861 2344 monumentum
872 2299 915 2360 ne
929 2285 1133 2360 sequeretur.

1033 2375 1103 2441 Sat.
1119 2393 1142 2452 1,
1158 2377 1188 2455 8,
1203 2378 1253 2438 13.

299 2571 498 2650 ridiculum
518 2599 606 2650 sane
635 2599 782 2652 vorsum
797 2579 833 2650 et
852 2573 928 2649 illis
943 2575 1038 2649 bene
1058 2579 1251 2672 acceptum
1274 2571 1337 2667 qui

299 2698 464 2794 quotidie
478 2699 699 2799 inscriptum
726 2701 976 2778 monumentis
992 2700 1219 2800 epigramma
1235 2696 1338 2772 leoti-

299 2828 434 2898 tarent.

347 2950 556 3048 Antequam
585 2959 710 3028 tamen
728 2954 823 3028 hana
841 2977 920 3030 rem
939 2951 1161 3042 omittimus,
1177 2973 1250 3024 una
1277 2955 1341 3024 eut

298 3073 416 3150 altera
445 3077 606 3152 formula
632 3079 797 3154 notanda
825 3085 882 3156 ast
915 3070 1071 3176 quarum
1090 3082 1245 3173 utraque
1273 3099 1339 3166 sae·
1405 3165 1407 3169 ι

297 3199 381 3298 pius
411 3202 634 3293 restituitur,
670 3204 818 3278 divortii
840 3203 980 3280 seilicet
1018 3227 1060 3278 aa
1093 3202 1147 3278 rei
1175 3200 1338 3275 vindica·

298 3325 425 3400 tionis.
451 3328 604 3402 Maritus
623 3351 725 3426 ergo,
758 3329 789 3402 si
806 3330 864 3404 oui
885 3353 1040 3405 uxorem
1051 3327 1248 3426 repudiare
1259 3325 1339 3424 pia·

299 3456 437 3541 onerat,
471 3453 593 3550 priseo
618 3458 792 3552 tempore
814 3455 944 3530 solitus
969 3461 1048 3530 erat
1075 3454 1222 3528 dicere:
1262 3455 1340 3524 Bete

297 3577 462 3673 forasOE),
479 3580 577 3674 quod
594 3579 693 3655 idem
707 3585 763 3654 ast
782 3585 890 3676 atque
908 3583 927 3653 1
939 3586 1033 3676 soror
1048 3579 1095 3679 (3)
1112 3583 1175 3653 aut
1191 3579 1276 3651 Vade
1287 3584 1340 3672 so·

298 3724 357 3772 ros
374 3703 421 3802 (t)
435 3730 445 3794 3
457 3704 642 3800 posterius
656 3705 795 3780 dictum
815 3711 872 3780 ast
888 3709 978 3780 Tuos
996 3731 1054 3778 ras
1070 3707 1132 3777 tibi
1146 3702 1333 3800 habeto(5).

299 3827 419 3916 Quare
446 3830 591 3905 Marcus
628 3829 691 3908 illa
722 3830 881 3932 Tullius,
921 3831 1009 3906 dum
1045 3816 1247 3904 Antonium
1276 3827 1334 3940 de·

300 3951 397 4029 ridet
409 3955 508 4052 quod
520 3955 559 4029 in
572 3956 674 4032 omni
693 3956 872 4032 vitanihil
891 3956 997 4055 egit«
1013 3954 1206 4030 honestius
1226 3975 1336 4050 quam
1398 4015 1402 4022 .

336 4211 375 4286 (t)
392 4233 406 4268 «
420 4215 666 4274 Lioatoonsuiero.
689 4235 702 4266 ι
718 4216 776 4271 Pro
793 4215 866 4274 tior.
883 4213 927 4270 13.
941 4211 983 4271 Ci.
1000 4203 1067 4272 Hor.
1082 4213 1176 4284 Epist.
1192 4212 1215 4278 Ι,
1229 4211 1257 4280 3,
1272 4209 1317 4268 23.

338 4292 375 4366 (2)
393 4293 485 4351 Varro
498 4311 544 4366 ap.
560 4297 634 4355 Non.
650 4311 679 4367 p.
699 4296 745 4354 78.

337 4373 373 4444 (3)
394 4375 489 4432 Plaut.
509 4377 572 4434 Cos.
588 4377 647 4434 107.

337 4450 376 4522 (it
391 4453 473 4510 Mart.
490 4456 591 4526 optor.
607 4471 649 4522 xr,
665 4455 726 4513 rat.

337 4532 375 4604 (a)
393 4533 486 4592 Plaut.
504 4537 649 4607 Amphitr.
664 4536 734 4603 7733
754 4537 832 4594 Trio.
849 4535 910 4592 333.
928 4535 1009 4591 Mart.
1023 4532 1124 4602 Epiyr.
1141 4545 1171 4596 x,
1187 4532 1230 4588 38.
1299 4542 1306 4549 ’
