3718 5836
657 752 904 818 ...up-

283 925 438 976 romano
458 905 605 998 sumpta
624 901 760 990 adiicit,
784 899 848 973 sed
865 907 997 996 praeter
1016 899 1165 978 solitum
1189 929 1197 994 3
1220 916 1323 978 comi

283 1027 415 1124 probat
435 1032 558 1100 autem
584 1049 739 1114 morem,
773 1023 913 1119 siquid
937 1031 1066 1099 contra
1089 1051 1229 1102 morem
1250 1037 1319 1114 est.

283 1151 432 1224 Accedit
460 1151 560 1246 quod
591 1171 669 1223 rem
693 1149 882 1222 insolitam
915 1174 996 1223 esse
1027 1152 1090 1246 qui
1117 1156 1319 1244 contendit,

283 1261 364 1376 esse
383 1275 567 1349 insolitam
589 1273 743 1370 probare
759 1273 880 1364 debet,
896 1299 1014 1370 neque
1041 1269 1078 1346 id
1097 1278 1143 1349 ad
1165 1279 1320 1373 probans

283 1401 370 1474 dum
390 1400 485 1498 satis
495 1399 605 1484 valet,
627 1384 722 1494 quod
748 1397 899 1472 Plautus
921 1399 1041 1472 verbis
1069 1402 1224 1476 elatino
1244 1429 1322 1477 ser-

283 1507 392 1599 mone
425 1525 545 1598 ductis
578 1523 630 1596 uti
663 1521 829 1595 maluerit
852 1523 919 1619 (l).
957 1551 974 1594 n
1009 1526 1169 1621 Ecquam
1198 1534 1320 1602 autem

280 1649 391 1722 ‘babet
409 1649 483 1720 viin
515 1649 586 1720 ista
605 1644 873 1742 argumentatio
895 1647 912 1717 ‘l
931 1647 1008 1720 Nisi
1040 1648 1133 1722 sorte
1156 1649 1221 1740 cui
1241 1674 1319 1746 per·

208 1854 211 1861 ,
282 1797 431 1847 suasum
459 1773 508 1844 sit
535 1772 717 1856 Plautum,
747 1793 827 1865 quae
857 1771 1062 1861 transtulit,
1093 1772 1320 1848 adverbum

278 1897 529 1972 transtulisse.
1314 1913 1320 1922 '

331 2023 469 2120 Nempe
490 2025 618 2106 eadem
649 2027 859 2122 arrogantia
888 2027 1125 2124 impugnatur
1150 2029 1321 2112 Costaxac
1417 2027 1421 2036 ’

282 2149 312 2222 si
333 2157 589 2246 portentosum
605 2159 641 2226 et
659 2152 1021 2249 inauditum'aliquid
1043 2153 1196 2228 molitus
1210 2156 1321 2229 luerit
1375 2217 1380 2223 .

283 2283 318 2348 et
352 2275 633 2374 disciplinarum
665 2277 934 2373 rempublicam
965 2302 1103 2352 vesano
1140 2303 1320 2354 novarum

281 2423 404 2474 rerum
433 2399 555 2474 studio
579 2401 743 2474 funditus
759 2402 1044 2476 conturbaverit.
1070 2405 1117 2476 At
1136 2405 1228 2477 nibil
1248 2382 1320 2478 tale
1364 2433 1371 2447 ·

280 2524 458 2612 admisit3
480 2525 663 2621 siquidem
686 2527 855 2623 oprimis
874 2527 1103 2624 temporibus
1124 2553 1320 2616 renascen-
1360 2591 1364 2600 .
1443 2610 1446 2615 ,

280 2651 373 2724 tium
389 2651 780 2726 sextodecimoseculo
793 2651 1001 2726 litterarum
1014 2659 1167 2750 utraque
1180 2653 1319 2750 opinio,
1369 2689 1370 2692 ¹

252 2767 254 2772 ’
282 2782 317 2848 et
336 2775 416 2848 eius
435 2763 470 2849 et
486 2777 650 2850 adversm
668 2776 796 2874 partis,
816 2801 837 2850 a
856 2777 974 2853 doctis
994 2777 1247 2876 virisaccepta
1266 2786 1323 2864 est

282 2908 319 2974 et
344 2901 559 2998 disputata:
583 2899 661 2992 alii,
698 2925 855 2998 quorum
881 2902 1023 3000 primus
1058 2902 1221 2978 Alciatus
1250 2908 1265 3001 (
1290 2905 1319 2999 ),

280 3031 490 3122 postremus
524 3026 729 3116 barchardi
767 3028 838 3123 (3),
871 3027 1032 3124 plurima
1062 3051 1106 3120 ex
1142 3027 1322 3102 Plautinis

279 3149 414 3224 tabulis
435 3149 579 3241 deduci¹
597 3175 704 3250 posse
734 3152 1039 3258 existimaverunt
1065 3155 1110 3226 ad
1142 3153 1200 3227 ius
1229 3177 1321 3250 grae·

280 3297 363 3350 eum
385 3274 634 3372 pcrtinentia;
659 3277 732 3368 alii,
754 3301 776 3350 a
797 3276 923 3351 Cuiate
938 3281 974 3350 et
993 3277 1186 3352 Brissonio
1206 3303 1322 3374 usque

279 3399 326 3474 ad
362 3398 552 3474 AEmilium
593 3400 740 3475 Costam
782 3401 847 3499 (d),
890 3385 1053 3476 romaum
1091 3401 1321 3498 antiquitatis

279 3525 429 3614 curiosi,
450 3548 512 3598 eas
529 3526 700 3601 adierunt
713 3532 750 3599 et
767 3533 1010 3600 excusserunt
1022 3549 1065 3600 eo
1082 3527 1221 3600 maiore
1243 3533 1320 3601 stu-

280 3651 341 3725 dio
362 3649 474 3746 quod,
501 3656 605 3724 extra
629 3651 676 3724 M.
699 3641 848 3726 Catonis
878 3651 1015 3725 librum
1034 3655 1074 3724 ue
1097 3655 1142 3725 lle
1167 3655 1317 3740 Rustico,

317 4043 353 4113 (ἓ)
369 4037 497 4099 Alciatus
506 4043 630 4114 quodam
645 4039 756 4098 Gortuae
770 4053 857 4098 uersu
871 4040 963 4098 fretus
980 4040 1163 4098 «anaticula
1178 4041 1247 4116 tiber
1257 4049 1322 4112 pos-

278 4135 342 4176 sum
360 4121 452 4194 fierit>
467 4123 566 4178 asserit
580 4121 700 4178 Athenis
710 4121 795 4178 latam
809 4119 897 4177 fuisse
916 4120 1009 4189 legem
1034 4135 1090 4192 qua
1105 4119 1218 4198 iubente
1247 4123 1321 4179 servi

277 4216 336 4258 una
356 4206 480 4258 etaurea
496 4204 510 4252 a
525 4202 620 4258 libella
638 4223 649 4252 υ
668 4217 697 4258 se
709 4201 848 4258 redimere
863 4207 985 4272 possent.

315 4281 354 4354 (3)
370 4283 433 4338 Zur
449 4283 602 4353 peretulo
621 4283 671 4338 der
678 4281 779 4338 tocutto
789 4281 943 4337 conductio.
960 4280 1052 4346 Boset,
1070 4281 1188 4352 l889,p.
1207 4283 1263 4339 6-7.

315 4362 351 4434 (b)
365 4361 466 4419 Rideas
481 4363 565 4419 licet:
587 4363 740 4420 Salmasius
764 4361 898 4418 Plautum
913 4361 1096 4432 reprehendit
1112 4362 1188 4434 quod
1203 4377 1319 4428 romana
1397 4389 1398 4394 ¹

280 4442 408 4577 insqiputa
424 4443 454 4498 in
469 4457 575 4595 qrqeqas
591 4443 706 4500 tabellas
734 4443 882 4498 induxerit
912 4443 994 4512 (Vide
1018 4441 1168 4502 AEmiliuur
1198 4433 1318 4528 Costam

278 4537 308 4592 p.
363 4536 416 4587 ,ru
434 4537 553 4578 noua.
1161 4529 1165 4539 '
