3718 5836
951 773 1139 842 ...34..

445 997 449 1006 ,
528 921 626 1020 quod
646 931 683 996 et
695 923 943 996 Romanorum
957 924 1015 996 ius
1031 923 1178 1020 penitus
1190 929 1410 1025 introspexit
1423 937 1458 1004 et
1473 921 1563 1028 graess

527 1069 654 1123 corum
670 1048 813 1145 privata
830 1047 1000 1122 instituta
1025 1071 1130 1144 poene
1157 1051 1257 1126 solus
1285 1055 1563 1151 redintegravit,

426 1218 428 1226 r
527 1171 672 1244 scilicet
687 1169 906 1268 Rudolphus
939 1169 1104 1260 Dareste,
1138 1171 1318 1270 praecipiti
1356 1174 1476 1250 elatus
1496 1176 1570 1251 im·
1646 1247 1648 1256 .

527 1303 625 1393 potu,
663 1295 810 1369 Costam
842 1293 911 1366 sibi
939 1293 1060 1390 ipsum
1086 1295 1350 1390 perstrinxisse
1379 1300 1507 1374 oculos
1532 1307 1568 1374 et

527 1423 785 1516 excerptorum
812 1418 1010 1518 plerosque
1042 1418 1144 1494 locos
1171 1443 1303 1516 graeco,
1322 1446 1566 1502 nonromano

525 1543 597 1620 iuri
618 1541 882 1622 adscribendos
902 1566 985 1627 esse
998 1543 1189 1618 contendit
1207 1547 1270 1644 (t).

574 1670 708 1758 Quare,
731 1693 814 1742 cum
830 1667 1025 1764 liudolpho
1046 1677 1082 1742 et
1098 1670 1245 1744 AEmilio
1271 1672 1425 1748 ducibus
1450 1677 1567 1750 amhae
1639 1713 1641 1721 ·

524 1793 790 1890 interpretandi
819 1791 980 1866 rationes
1002 1816 1100 1868 nunc
1115 1794 1212 1868 inter
1233 1819 1272 1868 sc
1300 1797 1512 1896 profligant,
1530 1809 1567 1873 et

522 1917 600 2014 ipse
618 1917 800 2015 permulta
814 1942 834 1990 e
847 1917 979 1991 Plauto
997 1925 1145 2014 sumpta
1162 1941 1204 1992 ac
1220 1925 1393 2016 tanquam
1410 1946 1564 1996 romano

524 2043 595 2124 iuri
608 2043 803 2118 tribuenda
819 2043 1022 2116 etiamnum
1039 2043 1277 2139 produxerim
1291 2053 1327 2118 et
1344 2046 1478 2120 iterum
1493 2049 1564 2120 sim

446 2173 449 2178 '
524 2169 785 2266 producturus,
800 2167 1060 2242 necesse-mihi
1075 2193 1172 2242 nunc
1185 2169 1344 2260 videtur,
1363 2195 1408 2244 ne
1429 2197 1563 2270 angus·

492 2389 496 2396 .
525 2297 595 2369 tias
617 2287 834 2391 imprudens
850 2289 1041 2366 transilire
1059 2292 1199 2383 ridear,
1213 2295 1378 2392 profiteri
1393 2297 1509 2372 libere
1524 2305 1566 2373 ac
1656 2296 1666 2314 ⁸

490 2489 493 2496 ,
527 2413 641 2486 nullis
652 2411 815 2512 quaesitis
826 2409 994 2508 suffugiis
1004 2413 1286 2510 declararequid
1296 2413 1341 2487 de
1355 2416 1422 2488 hac
1436 2439 1474 2492 re
1486 2440 1568 2490 sen-

497 2565 500 2572 ·
529 2539 716 2638 tiam·‚qua
728 2539 773 2608 de
791 2559 903 2610 causa
918 2536 1071 2610 alterius
1088 2539 1208 2634 potius
1223 2545 1345 2636 partes
1359 2545 1471 2628 tuter,
1492 2537 1572 2635 quo¹

406 2761 409 2768 ¹
463 2687 467 2695 ·
527 2664 686 2760 denique
701 2663 781 2736 iure
801 2641 916 2734 sretus
932 2660 1063 2762 Plauto
1086 2661 1235 2736 facetias
1265 2663 1439 2738 iuridicns
1460 2665 1566 2738 unice

527 2784 1042 2888 placuisseexistimem.Sane
1053 2786 1288 2882 RudoIptrum
1303 2786 1431 2860 stricto
1442 2787 1565 2884 gladio

515 2911 700 3008 ‘invadere
715 2910 763 2982 sit
776 2907 1023 3004 impudentis:
1042 2909 1200 2982 eundem
1215 2907 1338 2983 forsan
1361 2910 1552 3007 punctario

525 3035 572 3107 lis
592 3033 774 3108 lacessere
800 3029 937 3104 licebit.
961 3031 1093 3104 Procul
1125 3031 1222 3104 absit
1242 3031 1366 3126 igitur,
1398 3039 1449 3120 ut,
1476 3057 1561 3104 cum

415 3211 418 3218 ·
526 3181 671 3264 reorum
698 3159 789 3232 alter
804 3157 896 3230 tanti
916 3156 964 3228 sit
991 3165 1026 3230 et
1054 3180 1113 3228 res
1132 3162 1291 3252 ponatur
1311 3163 1386 3230 tem
1407 3157 1559 3248 lubrica,

529 3283 805 3382 imperatoriam
828 3305 895 3376 ego
921 3282 1141 3354 sententiam
1163 3279 1402 3377 pronuntiare
1426 3281 1558 3354 ausim.

530 3409 877 3506 Verum,‘quoniam
897 3407 934 3479 in
955 3409 1022 3480 hac
1041 3407 1103 3479 lite
1129 3429 1203 3479 non
1224 3408 1269 3482 de
1293 3406 1389 3480 iacto
1421 3407 1486 3479 sed
1519 3405 1564 3478 de

450 3552 452 3561 '
532 3541 668 3632 quanto
689 3531 823 3628 agitur,
844 3534 940 3609 inter
955 3555 1038 3608 reos
1066 3555 1134 3628 ego
1152 3556 1225 3606 non
1242 3531 1375 3612 iudicis
1393 3531 1479 3620 ritu,
1501 3531 1563 3604 sed

354 3690 357 3700 ¹
455 3709 458 3714 ·
531 3660 660 3736 arbitri
698 3681 801 3734 more
838 3659 1022 3754 modoque
1062 3659 1322 3754 memetipsum
1362 3659 1569 3754 producere

531 3785 705 3873 sustinui.

480 4059 487 4079 „
567 4002 605 4075 (t)
621 3999 941 4067 retractatorum,
957 4011 1034 4054 mars
1047 3996 1124 4067 1892,
1140 4014 1167 4070 p.
1184 3995 1309 4058 raa-155.
1368 4022 1373 4090 '-
1389 3955 1391 3962 Ι

905 4317 1195 4330 m-
