3718 5836
981 704 1175 773 ..20-

544 861 659 952 -Quiu
677 857 825 934 Persius
845 853 909 930 ille
930 852 1182 930 subobscurus
1205 847 1386 928 nutricem
1407 865 1482 918 non
1503 835 1603 915 dele·

548 1057 551 1064 ,
563 992 626 1084 gut
643 1007 737 1082 quae,
759 986 965 1056 materterae
993 976 1087 1066 loco,
1113 979 1197 1049 vota
1217 971 1354 1046 iaciat:
1553 975 1556 984 ‘

715 1147 781 1226 ‘nst
795 1161 855 1224 ego
870 1139 990 1204 nutrici
1003 1155 1069 1200 uon
1080 1133 1193 1198 mando
1211 1139 1295 1196 vota.

1346 1228 1416 1292 Sat.
1427 1245 1461 1304 ιι,
1472 1227 1522 1288 39.

566 1389 640 1482 Nea
675 1387 755 1479 no'n'
780 1404 926 1478 Seneeae
964 1396 1159 1473 translatio
1201 1393 1330 1468 eadem
1367 1385 1607 1486 singulariter

567 1531 692 1608 arrisit
721 1555 730 1620 ;
763 1527 860 1626 apud
898 1548 1007 1622 quem
1040 1501 1193 1596 Phaedra
1229 1542 1297 1596 suo
1326 1517 1444 1616 ipsius
1480 1511 1605 1588 animo

566 1652 1017 1732 commisitmaudatum:
1157 1661 1162 1680 ’-

647 1813 749 1889 Ande,
764 1812 883 1887 anime,
900 1814 1001 1884 tenta,
1018 1825 1138 1888 perage
1153 1803 1335 1868 mandatnm
1350 1809 1453 1866 tuum.
1504 1877 1509 1888 .

1297 1901 1430 1986 Hippot.
1454 1901 1524 2002 592.

443 2147 444 2152 a
567 2065 658 2139 Iuno
675 2084 818 2152 rursus,
837 2060 926 2135 dum
936 2058 1029 2134 iram
1043 2080 1148 2133 suam
1164 2054 1376 2154 compellat,
1396 2053 1498 2130 iubet
1513 2053 1609 2126 bano

568 2189 649 2264 sine
667 2185 884 2262 mandatore
905 2183 1121 2258 debacchari
1149 2207 1157 2257 :
1577 2189 1583 2194 '

758 2409 762 2420 ¹
808 2335 892 2411 Quid
906 2334 1137 2398 tantamandas
1151 2335 1250 2398 odiat

760 2429 761 2436 ἵ
1263 2432 1356 2494 Herc.
1378 2431 1456 2494 Fur.
1480 2433 1528 2492 ii.

569 2579 695 2675 Neque
716 2582 814 2652 errat
831 2577 921 2650 luno
940 2602 948 2648 ε
967 2599 1126 2672 namque

612 2787 613 2791 ,
649 2737 742 2801 Haud
752 2743 803 2801 est
816 2737 910 2799 facile
926 2734 1111 2798 mandatum
1127 2737 1233 2799 scelus
1248 2737 1378 2800 audere.

1062 2838 1065 2844 '
1307 2833 1443 2919 Hippot.
1460 2835 1531 2896 stt.

618 2999 669 3070 De
689 2995 829 3071 arbitro
845 3001 969 3072 autem
985 2999 1022 3070 et
1036 2994 1192 3070 arbitrio
1207 2996 1295 3092 quiri
1313 2996 1433 3070 dicam
1453 2997 1470 3066 i
1487 2993 1614 3070 Multis

570 3119 720 3218 quidem
755 3120 875 3195 Plauti
920 3119 1098 3218 exemplis
1132 3121 1393 3218 comprobatur
1431 3120 1612 3218 principio

566 3247 741 3320 arbitrum
790 3246 1078 3321 auscultatorem
1124 3251 1160 3320 et
1197 3249 1364 3319 arbitrari
1404 3245 1612 3321 auscultare

571 3369 838 3468 signiiiravisse
860 3376 928 3470 (t).
960 3371 1092 3444 Postea
1120 3370 1159 3444 id
1191 3371 1343 3445 verbum
1363 3375 1495 3444 arbiter
1517 3369 1610 3447 iuri·

572 3497 695 3571 dicum
715 3518 866 3570 sensum
879 3494 1081 3591 assumpsit
1103 3518 1110 3568 :
1129 3495 1267 3569 arbiter
1282 3495 1414 3572 estille
1428 3495 1539 3572 iudex
1555 3495 1614 3571 cui

573 3645 652 3698 rem
674 3621 858 3696 aestimare
871 3619 1024 3696 liberius
1040 3620 1126 3694 licat
1140 3609 1216 3719 (2);
1239 3627 1275 3696 et
1293 3623 1387 3695 actio
1407 3627 1494 3696 tuna
1510 3646 1616 3696 voca-

575 3754 637 3826 tur
654 3751 851 3822 arbitrium.
873 3747 992 3836 Quare
1007 3727 1173 3838 Flanona
1191 3771 1275 3821 oum
1291 3771 1474 3823 summam
1486 3771 1615 3845 regon-

576 3877 707 3951 dorum
717 3873 914 3950 verborum
926 3876 1143 3970 potestatem
1153 3871 1319 3969 requirit,
1338 3897 1447 3950 usum
1464 3875 1617 3950 ‘denotat

569 4061 572 4068 ·
660 4044 761 4119 Quem
780 4061 882 4124 penes
897 4040 1091 4104 arbitriumst
1105 4048 1137 4105 et
1150 4043 1202 4106 ius
1217 4048 1248 4107 et
1267 4062 1382 4108 norma
1402 4043 1568 4124 loquendi.

1376 4143 1416 4206 A.
1433 4144 1473 4207 Ρ.
1489 4143 1538 4207 it.

616 4281 656 4406 (ti
675 4329 740 4386 Sine
753 4313 868 4387 arbitris
883 4329 974 4400 (nullo
989 4327 1181 4403 inspiciente).
1194 4331 1303 4402 captiv.
1321 4331 1381 4390 159.

583 4410 663 4548 nge)
679 4409 822 4547 gagetano
841 4414 883 4466 est
898 4409 1026 4481 pecuniae
1040 4414 1134 4474 serta,
1157 4411 1308 4469 arbitrium
1338 4413 1464 4471 incerta.
1482 4412 1539 4470 Cic.
1564 4411 1621 4468 Pro
