3718 5836
955 681 1152 750 ..48-

539 841 634 908 trare
661 835 811 924 inillis,
840 857 931 934 quas
960 829 1090 928 plausu
1119 830 1337 928 excipimus,
1356 833 1503 926 sabulis,
1525 838 1582 912 lc-

537 983 623 1054 gum
635 960 1002 1033 observantiamcum
1017 953 1184 1030 moribus
1199 957 1353 1037 omnino
1364 961 1585 1038 convenisse

540 1107 599 1156 res
613 1083 683 1157 crit
698 1083 821 1180 magni
841 1079 994 1156 laboris.

589 1205 770 1282 Omnibus
789 1191 942 1279 enimin
964 1201 1175 1276 civiialibus
1195 1225 1343 1300 semper
1359 1225 1419 1278 res
1436 1203 1487 1280 ita
1502 1230 1584 1280 sese
1630 1253 1635 1258 -

540 1327 760 1417 habuerunt,
782 1327 993 1422 Romaeque,
1023 1347 1066 1397 eo
1081 1321 1162 1420 ipso
1183 1345 1255 1418 quc
1275 1323 1417 1398 vivebat
1431 1325 1584 1400 Planius

540 1461 721 1550 tempore,
735 1451 841 1526 iama
857 1447 1038 1524 maiorum
1050 1447 1215 1522 moribus
1229 1431 1448 1546 pierumque
1465 1450 1582 1524 desci-

541 1583 670 1652 verant
685 1578 733 1650 Μ.
759 1575 908 1650 Catonis
934 1572 1109 1670 aequales,
1135 1573 1304 1670 interque
1330 1574 1522 1671 pauciores
1543 1575 1580 1648 in

542 1701 621 1776 dies
642 1700 878 1776 Cincinnatos
893 1697 1002 1772 mulii
1018 1704 1055 1772 ei
1066 1697 1179 1771 vetuli
1193 1697 1324 1771 amasii
1338 1699 1584 1773 numeraban-

540 1832 613 1900 iur.
635 1827 707 1900 Eos
724 1825 1002 1927 inseciaiusest
1020 1822 1171 1896 Planius
1198 1829 1234 1896 ci
1253 1822 1467 1920 inexpiabili
1481 1823 1582 1902 bello

540 1951 801 2050 lacessiqiifl).
837 1951 1054 2044 Quanquam
1083 1952 1310 2022 senectutem
1337 1948 1582 2024 contumelia·
1668 1964 1674 1976 '

540 2100 625 2152 rum
644 2075 859 2150 verberibus
870 2073 1010 2148 iuriose
1023 2073 1222 2170 appeiiiam
1243 2079 1403 2148 nontam
1419 2072 1581 2148 ludibrio

542 2201 664 2290 habet,
688 2223 797 2296 quam
817 2199 954 2296 eosqui
976 2197 1177 2274 senectutis
1197 2197 1430 2272 maiestatem
1448 2223 1586 2272 vesana

542 2325 691 2400 luxuria
711 2324 936 2398 dedecorant
962 2322 1070 2397 iustis
1097 2321 1216 2422 poenis
1251 2321 1364 2397 afficit
1382 2330 1420 2398 et
1438 2323 1586 2398 ulcisci-

542 2456 622 2540 [ιω
640 2451 963 2544 Romanorumque
978 2447 1067 2522 vilia
1081 2447 1163 2545 ipsa
1177 2447 1381 2522 incusanda
1394 2453 1493 2537 suni,
1510 2471 1585 2522 non

546 2580 653 2674 poete
668 2574 842 2648 vitiorum
856 2573 1056 2646 insectator
1071 2598 1079 2662 ;
1096 2573 1195 2668 quod
1214 2572 1252 2646 in
1260 2573 1436 2646 extremis
1449 2575 1588 2646 Bocchi-

543 2703 624 2774 dem
639 2699 808 2773 versibus
823 2703 981 2772 testatur
997 2701 1122 2770 orator
1139 2722 1147 2769 :

547 2908 658 2986 Neque
673 2905 755 2968 adeo
770 2905 840 2966 haeo
858 2906 1051 2978 faceremus,
1075 2904 1108 2964 ni
1130 2903 1268 2965 antehac
1290 2901 1487 2966 vidissemus
1505 2905 1588 2980 fiori,

548 3005 590 3066 Ut
604 3003 692 3084 apud
706 3003 841 3066 lenones
855 3003 975 3064 rivales
988 3002 1064 3063 duis
1079 3000 1195 3062 fierent
1205 3005 1325 3080 patres.

597 3243 682 3317 Noli
708 3242 820 3339 igitur
837 3243 960 3316 dicere
980 3241 1025 3316 ab
1044 3240 1135 3316 iuris
1156 3241 1299 3314 romani
1321 3243 1491 3317 consulto
1512 3264 1586 3316 nou

547 3367 707 3464 intelligi
733 3391 841 3464 posse
873 3367 941 3464 (2),
971 3389 1090 3462 neque
1111 3389 1272 3461 unquam
1294 3367 1417 3440 Romae
1448 3367 1584 3442 sactum

547 3491 662 3566 fuisse
679 3493 777 3588 quod
794 3492 832 3564 in
847 3495 1030 3566 Mercatore
1048 3490 1146 3563 inter
1162 3495 1303 3585 patrem
1317 3496 1353 3563 et
1373 3491 1489 3566 filium
1511 3492 1588 3588 agi·

548 3621 621 3706 tur,-
639 3622 680 3702 ut
694 3617 753 3690 hic
766 3618 811 3690 dc
837 3616 993 3710 virgine,
1015 3637 1125 3710 quam
1143 3615 1249 3687 matri
1269 3639 1308 3688 se
1324 3617 1460 3690 emisse
1478 3641 1585 3691 men-

547 3741 652 3832 titur,
682 3740 842 3850 cumillo
869 3740 987 3836 litiget
1017 3739 1246 3834 eiadvcrsus
1265 3739 1343 3814 eius
1363 3743 1586 3816 sententiam

548 3866 711 3940 lieiieiur
722 3887 732 3954 ;
755 3888 801 3938 uc
820 3889 943 3952 causa,
976 3863 1091 3938 veluti
1112 3864 1175 3959 qui
1191 3864 1272 3960 plus
1286 3865 1391 3961 petit,
1407 3869 1529 3956 cadas,
1554 3868 1586 3942 si

549 3993 617 4065 hoc
630 3990 741 4064 edicis
756 3996 794 4064 ut
813 3989 947 4084 aliquis
968 4012 1094 4076 senex,
1113 3988 1234 4085 qualis
1247 3989 1310 4063 iile
1329 3991 1588 4066 acheruniicus

550 4121 585 4188 et
601 4114 811 4210 decrepitus
836 4113 1029 4210 Demipho,
1048 4113 1192 4187 comsit
1208 4111 1286 4186 filio
1302 4113 1428 4188 rivalis
1445 4120 1479 4190 ci
1494 4115 1588 4204 ami·
1619 4158 1624 4164 -

587 4389 625 4461 (i)
638 4391 710 4447 Vide
721 4389 886 4454 Bacchides,
896 4388 1039 4457 Casinum,
1051 4389 1242 4446 Mercatorem.

587 4469 625 4539 (Ξ)
641 4471 674 4526 R.
692 4471 818 4538 Dareste,
829 4483 859 4540 p.
870 4468 932 4526 mu.
