3718 5836
807 1496 822 1566 1

300 1779 387 1844 QUID
402 1779 456 1832 Sl'l'
475 1778 572 1842 QUOD
600 1777 770 1830 FAGETIAS
795 1776 977 1832 rumoldus
1005 1779 1066 1857 nto
1085 1779 1335 1832 APPELLAMUS·

335 2085 600 2158 ,Romanorum
617 2083 780 2155 mentem
802 2080 882 2156 iure
910 2081 1010 2156 civili
1039 2080 1144 2178 quasi
1165 2079 1340 2154 refertam

298 2206 416 2304 fuisse
429 2213 466 2280 et
480 2205 623 2282 latinos
634 2205 833 2304 scriptores
847 2231 891 2281 ex
907 2231 950 2282 eo
965 2206 1065 2282 tonte
1076 2204 1262 2281 antverba
1278 2209 1342 2278 out

298 2331 502 2406 sententias
530 2335 593 2405 aut
618 2331 880 2406 translationes
901 2333 1051 2407 haurire
1079 2355 1161 2406 esse
1189 2329 1341 2414 solitos,

301 2479 375 2532 non
419 2455 521 2530 venit
552 2455 592 2529 in
617 2449 925 2534 controversinmss
962 2457 1000 2531 Si
1036 2457 1118 2554 quis
1148 2455 1247 2530 euim
1280 2454 1338 2526 vel
1418 2515 1421 2529 .

301 2591 418 2680 nugas
449 2581 508 2656 vel
539 2581 683 2656 erudita
710 2583 846 2678 scripto
879 2582 918 2655 in
947 2582 1119 2656 manibus
1152 2576 1337 2664 hebuerit,

299 2714 362 2783 cut
377 2707 539 2781 carmine
556 2707 615 2780 vel
634 2707 810 2782 historias
828 2707 1046 2798 versaverit,
1067 2711 1131 2781 eut
1160 2705 1342 2804 epigram-

300 2833 477 2910 matavel
525 2833 712 2908 orationes
743 2833 1022 2931 introspexerit,
1058 2832 1184 2906 statim
1208 2830 1273 2904 illc
1306 2840 1340 2906 et

301 2957 459 3055 singulis
490 2958 676 3055 passibus,
707 2959 796 3034 dum
822 2957 994 3056 quaeiibet
1017 2957 1133 3031 letina
1152 2962 1339 3054 peragret,

301 3079 458 3153 iuridicn
490 3079 668 3156 vocabule
695 3079 874 3154 inveniet.
907 3080 987 3168 Qua
1021 3079 1066 3152 de
1091 3101 1202 3152 causo
1222 3076 1343 3150 nostri

203 3227 208 3234 ·
301 3183 493 3302 philologi,
520 3207 582 3300 qni
631 3210 735 3280 sexto
769 3212 832 3281 aut
858 3204 1017 3304 septimo
1046 3203 1190 3277 decimo
1220 3203 1344 3276 seculo

301 3329 488 3423 vixerunt,
508 3329 691 3404 notabiles
710 3355 796 3406 sues
815 3330 998 3404 editiones
1013 3329 1181 3404 iuridicis
1202 3327 1344 3402 disser-

237 3527 240 3534 ,
302 3455 504 3532 tortionibus
516 3455 747 3530 abundanter
764 3456 953 3530 illustrare
973 3478 1048 3528 non
1069 3452 1342 3527 dubitaverunt.

304 3582 454 3656 Recenti
468 3581 618 3677 quidem
633 3592 814 3678 tempore,
831 3578 968 3656 latinos
984 3583 1153 3654 auctores
1173 3599 1257 3650 cum
1284 3575 1346 3670 qui

304 3708 419 3782 edunt
438 3699 521 3782 tum'
552 3706 612 3802 qni
634 3706 763 3804 legunt
781 3707 893 3804 paulo
915 3705 1050 3803 saepius
1075 3695 1348 3778 obliviscuntur

304 3831 445 3906 nullom
458 3831 534 3908 fere
547 3854 630 3906 esse
641 3832 852 3908 inromnnis
866 3832 1002 3907 litteris
1016 3829 1205 3928 paginam,
1221 3826 1260 3928 in
1276 3849 1348 3922 qun

223 4005 226 4013 ·
306 3951 522 4042 nonliceot,
548 3955 658 4027 modo
698 3953 799 4028 naris
837 3959 1018 4029 emunctae
1050 3951 1117 4039 sis,
1159 3947 1347 4045 quoddam

308 4079 399 4154 iuris
413 4079 533 4154 civilis
551 4081 763 4177 vestigium,
784 4087 822 4156 nt
837 4081 889 4155 ita
905 4081 1039 4167 dicam,
1055 4074 1287 4153 subodorari.
1302 4074 1349 4146 At

309 4206 408 4300 quod
428 4213 556 4280 nostra
581 4215 688 4282 aetntc
703 4207 922 4306 pierumque
936 4212 973 4278 ct
992 4201 1180 4278 immerito
1207 4197 1348 4294 neglec-

310 4333 389 4401 tum
410 4334 478 4419 est,
497 4355 571 4406 non
585 4332 871 4407 omninotamen
890 4332 958 4405 suit
991 4309 1185 4403 omissumss
1216 4322 1360 4394 Plures

312 4453 381 4533 hoc
398 4453 435 4526 in
449 4457 572 4531 seculo
584 4458 754 4556 doctique
772 4457 842 4531 viri
856 4455 1079 4531 exstiterunt
1094 4450 1171 4547 qui,
1185 4447 1349 4522 romanis

313 4576 556 4675 scriptoribus
588 4583 753 4664 studiose
789 4581 921 4670 dediti,
958 4579 1225 4652 commutatum
1255 4569 1348 4642 illud
