3718 5836
599 775 605 788 ·
681 741 800 828 -—³8‘5
829 797 876 810 -

244 905 336 979 'eius
352 895 574 979 incivilibus
601 902 722 978 causis
754 906 951 996 orationes,
975 915 1014 981 nt
1033 913 1097 982 Pro
1121 875 1289 1000 Quinctio,

247 1028 321 1102 -Pro
340 1017 456 1102 Roscio
468 1029 623 1118 comodo,
642 1007 678 1103 el
690 1027 756 1101 illa
770 1033 853 1104 ante
865 1030 956 1138 alias
972 1037 1038 1104 Pro
1052 1037 1196 1126 Carino,
1209 1058 1292 1110 eum

257 1155 349 1228 iuris
367 1139 467 1250 quod
482 1137 561 1227 tdm
580 1154 621 1226 iu·
634 1177 704 1227 usu
736 1158 827 1242 erat,
850 1154 964 1229 fuisse
991 1157 1290 1234 disertissimum.

243 1271 431 1376 ‘Sagacius
469 1303 615 1376 quoque
647 1279 851 1374 aequalibus
879 1280 971 1372 suis,
1007 1287 1133 1380 utpote
1171 1286 1295 1384 philo·

258 1389 410 1502 sophus,
430 1399 518 1501 q'uid
534 1405 578 1479 ad
594 1405 654 1480 ius
674 1403 923 1480 ordinandum
944 1407 1175 1484 desideretur
1188 1435 1295 1510 pros-

259 1533 346 1630 picit
362 1536 496 1605 etcum
516 1530 712 1628 perpaucis
723 1530 961 1626 quibusdem,
975 1527 1074 1608 inter
1092 1560 1184 1632 quos
1195 1537 1296 1634 prin-

194 1651 197 1660 ’
258 1645 343 1756 ceps
364 1655 565 1753 Sulpicius,
582 1656 640 1730 ius
654 1655 762 1728 civile
776 1655 813 1728 in
827 1661 944 1738 artem
959 1659 1201 1756 redigendum
1215 1686 1297 1760 esse

261 1783 334 1858 iam
356 1788 450 1854 tum
478 1779 958 1868 sentientibuaconvenit.
998 1784 1091 1888 Quid
1127 1787 1223 1881 quod
1259 1778 1296 1860 in
1356 1811 1358 1816 ’

247 1895 332 1981 *uno
352 1907 447 1980 libro
462 1905 555 1976 nihil
570 1901 671 1978 aliud
691 1904 765 1977 nisi
785 1887 1002 2000 argumente
1023 1913 1059 1982 et
1082 1909 1297 2008 disputandi

258 2014 439 2106 rationem
453 2011 492 2102 in
508 2029 588 2103 iure
608 2033 644 2101 et
670 2029 708 2100 in
736 2027 874 2102 iudicio
895 2031 1067 2106 usitatam
1095 2033 1133 2105 in
1162 2058 1299 2128 genera

259 2155 467 2232 describere
488 2133 667 2226 tentavit?
693 2152 924 2249 Quanquam,
943 2162 978 2229 et
1011 2158 1200 2232 tradendae
1226 2159 1297 2232 arti

259 2281 379 2376 impar
393 2283 429 2352 et
442 2277 591 2374 ingenio
603 2277 791 2367 diflidens,
806 2279 878 2354 buc
893 2285 929 2353 et
939 2280 1029 2356 illuc
1043 2281 1080 2354 in
1093 2284 1297 2358 contrarias

259 2382 396 2502 partes,
422 2403 729 2498 modoromanus
750 2401 853 2493 civiS,
877 2405 988 2492 modo
1017 2430 1157 2502 graecus
1179 2408 1298 2504 philo-

171 2565 172 2568 *
250 2511 412 2632 sophus,
426 2521 539 2629 ‘quasi
556 2530 775 2606 distrahitur
792 2556 800 2606 :
829 2535 1133 2636 quotiescumque
1153 2537 1200 2627 ei,
1225 2549 1297 2634 quo

176 2657 178 2661 ’
252 2647 305 2732 'ad
344 2677 481 2754 graecos
503 2653 745 2753 philosophos
777 2657 939 2732 trahitur
959 2659 1152 2764 instinctu,
1194 2657 1296 2734 obse*-

253 2782 397 2880 =quitur,'
414 2785 459 2857 ad
474 2783 547 2856 alta
562 2779 679 2856 tendit
690 2789 725 2854 et
741 2805 853 2879 supra
870 2783 988 2858 varias
1007 2785 1110 2883 leges
1125 2785 1170 2859 ab
1181 2787 1299 2886 homi-

256 2912 368 2985 nibus
387 2909 556 3010 inventas
589 2907 755 3004 quaedam
789 2909 879 2982 iuris
900 2917 1121 3007 praeceptaa
1159 2913 1227 2986 deo
1259 2912 1297 2986 in

259 3037 425 3110 omnium
446 3035 631 3107 mentibus
658 3025 837 3131 inscripta
869 3037 1047 3132 perspicit
1073 3045 1108 3110 ct
1145 3038 1297 3112 humani

259 3161 403 3256 generis
433 3181 647 3232 communes
694 3147 924 3254 aeternasque
941 3137 1059 3255 leges
1090 3159 1298 3262 divinatet

259 3285 453 3358 contitetur
470 3309 478 3373 3
495 3283 643 3378 quando
673 3287 795 3356 autem
824 3285 870 3356 ad
891 3285 1143 3384 Romanorum
1175 3283 1297 3360 morc's

258 3411 452 3504 lorumque
468 3407 646 3482 relabitur
661 3412 709 3497 et,
741 3406 868 3481 innato
889 3408 988 3503 genti
1023 3409 1148 3484 latinae
1175 3411 1298 3506 studio

258 3533 469 3630 indulgens,
492 3529 599 3605 utilia
615 3529 731 3627 magis
746 3555 856 3626 quem
886 3533 1041 3632 honesta
1069 3541 1222 3632 spectat,
1253 3519 1299 3609 od

259 3659 414 3732 humum
438 3653 666 3752 'deprimitur
696 3662 744 3745 et,
762 3655 934 3730 sublimis
975 3658 1299 3755 contemplationis

259 3781 411 3868 oblitus,
434 3779 480 3852 ad
495 3779 553 3854 ius
567 3777 661 3852 illud
678 3778 855 3853 mutabile
871 3785 908 3854 et
925 3804 946 3854 a
961 3781 1180 3857 mortalibus
1193 3783 1299 3856 insti·
1322 3869 1324 3874 .

258 3911 395 3993 tutum,
418 3903 527 3999 quale
548 3904 672 3977 Romae
693 3903 731 3976 id
757 3903 935 4002 temporis
955 3907 1113 4001 vigebat,
1143 3909 1297 3982 reverti-

259 4036 341 4120 tnr3
359 4052 425 4102 uec
440 4051 595 4124 usquam
609 4029 772 4124 apertius
789 4052 898 4125 quam
910 4029 948 4103 in
961 4029 1068 4104 libris
1081 4038 1127 4104 Dc
1139 4038 1295 4126 Lepidae,

259 4160 325 4232 illa
356 4157 469 4230 animi
500 4157 749 4231 inconstantia
785 4163 821 4230 et
855 4159 952 4234 inter
976 4184 1015 4232 se
1052 4163 1297 4257 pugnantium
1372 4223 1373 4229 ,

260 4283 475 4380 opinionum
495 4282 681 4355 contentio
702 4282 1004 4378 deprehenditur.
1028 4286 1113 4374 Quae
1128 4289 1252 4361 omnia
1266 4289 1297 4362 si

155 4497 159 4504 ι
258 4407 438 4482 inunum
459 4405 612 4501 colligas
638 4412 745 4501 atque
766 4401 949 4504 imprimis
971 4408 1186 4483 Ciceronem
1222 4421 1296 4486 tam

259 4531 420 4602 dicacem
440 4553 547 4624 quam
565 4531 798 4624 eloquentem
821 4531 933 4604 luisse
954 4531 1182 4622 memineris
1205 4550 1296 4610 eun-
