3718 5836
608 779 611 786 .
704 730 822 798 -387
853 767 898 780 ...

274 875 321 948 -in
359 870 760 971 insulscs'etlrigidus
786 875 1024 972 degeneravit
1054 851 1322 978 cavillationes.

331 999 523 1074 llleetiem
550 997 695 1074 Tullius
716 987 854 1090 noster,
879 1025 1001 1074 nonne
1031 1001 1168 1100 aliquid
1203 1007 1324 1075 ornto'·

274 1124 379 1230 ,rium
404 1150 453 1226 'ex
488 1127 569 1224 ipso
600 1126 796 1216 verborum
820 1125 1063 1204 similitudine
1084 1126 1321 1210 effecit‚‘cum

282 1251 339 1322 his
364 1251 485 1323 verbis
502 1250 684 1346 ambiguis
697 1251 807 1324 simul
824 1257 859 1324 et
880 1252 1109 1347 gravissimis
1125 1247 1321 1326 Catilinam

283 1375 523 1472 obiurgaret:
561 1407 566 1420 ·
676 1457 679 1467 A

322 1563 406 1635 Quid
438 1565 524 1626 enim
552 1565 800 1643 examussis...
829 1565 877 1626 Au
910 1564 1034 1624 'lodnlas
1059 1567 1227 1628 occasi...
1254 1567 1324 1630 Meo
1381 1546 1384 1552 ¹

281 1661 439 1740 beneficio
455 1661 570 1723 lodulae
585 1683 671 1724 novae
684 1665 902 1742 proferentur,
919 1681 1030 1723 verum
1047 1665 1261 1726 auctionaris.

553 1749 556 1757 ¹
856 1803 859 1811 ι
907 1805 911 1814 -
1013 1759 1242 1838 Cattltc.,11‚8.

280 1985 366 2072 Quce
382 1989 503 2058 nutem
525 1985 669 2081 gravior
689 1985 788 2058 etad
809 1986 1012 2060 movendos
1034 1985 1179 2060 animos
1200 1987 1321 2082 optior

281 2107 490 2198 translatio,
515 2134 624 2206 quom
638 2110 703 2183 illa
724 2110 999 2198 hominisnovi‚
1015 2111 1130 2204 quise
1158 2113 1320 2206 proleta-

282 2235 344 2307 riae
358 2237 478 2332 gentis
494 2237 691 2310 oriundum
712 2242 787 2308 tum
807 2236 941 2332 amplis
959 2235 1288 2332 verbisprofitetur
1310 2259 1318 2308 ε

321 2427 549 2508 Nullipopulo
577 2447 712 2518 romano
734 2447 793 2506 pro
818 2446 869 2489 me
895 2429 1035 2490 maiores
1059 2429 1122 2489 mei
1143 2427 1316 2510 spoponde-

282 2534 375 2586 runt:
400 2527 480 2592 mihi
507 2525 656 2587 creditum
684 2531 755 2588 est:
784 2545 875 2588 arne
896 2534 1003 2608 petere
1025 2527 1111 2608 quod
1140 2526 1244 2603 dedeo,
1265 2546 1316 2588 me

281 2625 388 2704 ipsum
402 2624 567 2704 appellere
582 2623 708 2686 debetis.
1339 2689 1349 2724 ἱ
1380 2723 1383 2732 Ι

827 2719 873 2782 De
893 2721 956 2804 leqc
972 2723 1110 2818 agrario
1133 2740 1166 2792 11,
1183 2723 1235 2782 36.

332 2938 413 3010 Non
429 2937 512 3010 ideo
531 2936 655 3012 tumen
676 2959 823 3032 semper
850 2936 1011 3010 iucunda
1040 2943 1150 3008 estet
1182 2937 1322 3008 urbenu

223 3073 227 3084 '
284 3061 436 3150 lncetic;
460 3061 578 3134 sedin
599 3061 784 3160 pingendo
798 3061 910 3134 nimis
930 3063 1125 3158 exquisita,
1144 3059 1188 3134 et'
1206 3063 1243 3133 in
1272 3063 1320 3135 ri-

201 3250 204 3260 ,
282 3188 402 3260 dendo
423 3187 535 3260 hebes
564 3195 599 3260 et
632 3188 782 3261 aliunde
808 3189 983 3262 arcessito
1020 3195 1142 3284 potest
1172 3188 1319 3274 videri3

281 3335 390 3408 quum
408 3312 553 3410 siquis,
574 3313 684 3386 etium
698 3313 937 3402 acutaenaris
954 3314 1072 3409 qualis
1094 3313 1161 3386 luit
1174 3314 1319 3386 Mentis·

279 3438 338 3526 lis,
362 3437 544 3512 curiosius
559 3444 695 3534 captat,
714 3438 863 3535 putidus
883 3439 1019 3530 evadit,
1044 3449 1079 3512 ut
1111 3440 1177 3511 boc
1201 3438 1283 3512 loco
1310 3459 1318 3508 :

345 3628 426 3702 ⁸Non
438 3630 468 3695 le
484 3625 620 3688 cucullis
640 3635 755 3686 ossercl
767 3632 866 3706 ceput
879 3631 1011 3701 tectum,

358 3723 486 3785 Lectica
504 3727 609 3784 necte
626 3728 696 3784 tuta
717 3725 801 3804 pelle
820 3726 968 3805 veloque,

358 3824 421 3882 Nec
433 3819 601 3882 vindicabit
617 3821 696 3890 sella
712 3823 833 3900 saepius
849 3823 939 3884 clusa
952 3842 975 3883 :·
999 3845 1003 3852 ¹
1029 3846 1031 3852 ’
1079 3875 1081 3880 ,

360 3919 469 3982 Rimas
485 3937 544 3998 per
555 3937 672 4005 ¹omnes
688 3921 831 3982 basiator
846 3922 990 3982 intrabit.

877 4021 967 4080 Mart.
992 4019 1106 4103 Epiyr.
1130 4038 1170 4084 xi,
1188 4021 1237 4078 98.

280 4222 497 4311 Quinetiam
515 4221 593 4314 ipse
609 4220 758 4296 Plautus
770 4225 936 4296 insulsus
952 4226 1056 4298 fietet
1069 4225 1316 4318 importunus,

279 4369 454 4440 vuuaeque
481 4345 699 4418 eruditionis
717 4357 951 4422 ostentator:
984 4349 1164 4444 siquidem
1202 4371 1318 4440 neque

279 4470 478 4546 verisimile
498 4475 566 4556 est,
579 4473 703 4566 ‘neque
718 4482 855 4547 neturae
869 4483 1169 4560 consentaneum,
1194 4470 1318 4542 Cbnri-
