3718 5836
479 679 610 698 ι’.
705 685 899 816 ττι-3917

172 893 174 898 ’
214 895 215 900 ’
281 877 385 956 nullo
438 877 548 952 modo
574 877 631 954 :ad
659 876 850 961 Plautinas
865 871 1086 964 sententiaa,
1123 882 1198 984 sed·
1234 876 1323 962 scri-¹
1369 961 1372 968 ,
1420 869 1423 874 ’
1516 917 1519 926 »

277 1003 390 1092 hendi
429 1001 634 1104 rationem,
670 1003 873 1077 attendisse
912 1001 993 1076 luce
1013 1001 1147 1078 clarius
1170 1010 1225 1078 esi
1259 1004 1334 1106 (lis
1432 1069 1435 1076 t
1510 1000 1512 1008 ’

200 1177 202 1184 1
237 1118 240 1124 ’
279 1127 397 1218 Nunc,
427 1133 467 1200 ut
491 1127 538 1200 ad
558 1127 788 1223 propositum
810 1125 1017 1210 redeamus
1046 1127 1259 1203 islarerum
1286 1135 1323 1204 et

223 1315 225 1325 ,
278 1269 520 1362 personarum
541 1259 576 1324 el
597 1251 743 1326 urbium
765 1251 928 1338 nemina,
947 1251 1035 1347 quid
1052 1254 1097 1325 ad
1118 1255 1219 1326 nos?
1238 1233 1321 1332 Haec

277 1380 379 1452 enim
395 1381 452 1450 esl
470 1375 679 1450 fabularum
693 1353 809 1450 veluli
825 1401 908 1472 pars
924 1365 1101 1481 eximior,
1123 1387 1321 1480 apparatus

218 1495 223 1548 '-
278 1509 314 1574 el
340 1523 463 1574 scenae
478 1501 709 1588 ornamenta,
732 1524 812 1595 quae
832 1500 877 1572 ad
909 1501 1035 1574 oculos
1067 1503 1319 1593 delectandos,
1345 1479 1348 1486 .

277 1651 352 1728 pon
365 1627 418 1699 ad
435 1632 577 1712 mentes
595 1620 939 1710 exhilarandast
875 1650 922 1698 na
925 1611 1073 1732 lasunl
1103 1615 1205 1702 udde
1220 1631 1318 1726 qued

228 1731 235 1804 '.
281 1713 446 1824 habitum
472 1773 631 1846 graecum
660 1749 843 1844 saepiusl
827 1747 951 1858 fabula
980 1725 1094 1837 exuit,
1119 1760 1167 1826 ιιι
1195 1755 1322 1850 graecis

206 1949 209 1958 ,
280 1875 434 1984 urbibus
456 1874 527 1947 vici
546 1879 582 1946 et
601 1873 733 1946 insulae
749 1896 995 1972 caupcnaequc
1016 1877 1124 1950 Urbis
1143 1879 1321 1952 adiician-
1355 1893 1358 1900 “

206 2037 209 2042 ·
278 2007 354 2088 lun,
376 2015 412 2072 et
432 2023 531 2088 vasa,
564 1999 649 2091 cibi,
673 1998 929 2097 permultaque
958 2000 1031 2074 alia
1055 2003 1322 2078 admoveantur

232 2159 234 2166 ·
278 2121 324 2210 ad
339 2144 446 2195 usum
458 2121 1009 2234 Romanorumacc‘cmmcdala:
1024 2147 1091 2195 nec
1103 2125 1321 2206 contradicit

281 2245 509 2342 liudolphus,
969 2251 972 2258 '

266 2381 268 2386 '
326 2368 451 2462 ltaque
485 2388 543 2438 res
577 2363 720 2458 integra
747 2373 815 2452 est,
852 2389 961 2472 quam
992 2368 1044 2442 ita
1007 2369 1255 2445 tfinimus:
1277 2396 1320 2444 ex

280 2489 443 2592 prologis
463 2490 536 2562 et''
514 2514 559 2562 us
580 2513 662 2586 quae
675 2490 882 2565 fabularum
898 2492 1082 2570 indicibus
1096 2496 1318 2594 subscripse-

280 2623 363 2690 runi
398 2614 553 2707 librarii,
595 2597 801 2710 accepimus
823 2633 900 2688 'eas
934 2641 978 2689 ex
1013 2619 1228 2706 Menandre,
1258 2631 1366 2712 aut·

208 2725 210 2732 Α
280 2741 495 2816 Philemone
524 2744 587 2813 aul
610 2739 770 2834 Diphilo,
802 2751 863 2814 aul
896 2738 969 2813 aliu
1004 2753 1111 2839 pocla
1143 2769 1164 2816 a
1192 2747 1319 2820 Plauto

234 2873 236 2880 '
280 2847 479 2952 translatas
513 2864 626 2936 luisse
667 2889 675 2946 ;
715 2857 779 2936 sed
821 2889 893 2960 quo
926 2869 1035 2942 moda
1068 2871 1320 2944 translatas?

280 2989 411 3062 'Utrum
442 2979 595 3060 verbum
629 2987 742 3062 verbo
768 2989 922 3068 reddere
957 2991 1052 3064 satis
1074 2993 1217 3088 ,ltabuil
1256 3019 1315 3083 an,

228 3175 230 3180 ,
280 3113 428 3210 ingenio
457 3136 524 3185 suc
552 3111 761 3210 indulgens,
797 3136 855 3185 res
891 3114 1004 3188 libere
1033 3099 1069 3190 el
1105 3118 1318 3197 summatim

279 3239 443 3315 imitatus
461 3243 531 3322 est,
552 3236 784 3376 alienamque
805 3219 995 3316 materiem
1017 3235 1073 3316 sui
1105 3243 1196 3316 iuris
1220 3244 1316 3335 lecit,

278 3341 351 3435 ncu
369 3385 474 3434 secus
494 3361 580 3433 acsi
596 3363 691 3469 quis,
715 3363 887 3454 lahulam,
913 3365 1107 3476 postquam
1125 3370 1223 3464 legit,
1253 3394 1320 3443 suc

280 3512 381 3560 mere
397 3494 580 3592 reiraclet,
597 3494 704 3582 prout
724 3479 832 3584 sapit,
856 3496 892 3568 et
909 3499 1042 3580 mente,
1054 3503 1115 3566 aut
1133 3496 1320 3572 voluntale

279 3621 342 3686 aul
372 3589 589 3686 necessitate
606 3611 852 3706 impellitur:
877 3639 1032 3710 quorum
1052 3619 1211 3692 alterum
1242 3626 1321 3693 erat

252 3736 622 3825 demonstrandum.
656 3735 748 3811 Nam
784 3717 831 3810 lis¹
864 3741 982 3814 adhuc
1011 3744 1170 3839 pendet
1207 3745 1319 3857 variis

286 3989 381 4089 ιιι)
367 4016 420 4074 ille
434 4029 520 4071 versu
534 4019 612 4086 (pace
624 3963 766 4090 Rudclphi
779 4021 913 4098 dixerim)
930 4041 987 4092 nen
1000 4028 1173 4118 significavit
1188 4030 1321 4106 Horatius

248 4105 250 4112 '
279 4077 406 4168 uestigiis
420 4095 507 4154 Siculi
523 4097 688 4167 Epicharmi
704 4100 837 4158 Plautum
852 4105 997 4173 institisse,
1020 4110 1069 4168 sed
1087 4109 1158 4174 eius
1175 4111 1222 4166 vel
1243 4109 1319 4166 lesti-

280 4177 423 4234 nationem
437 4176 630 4232 inscribendo
648 4192 708 4234 esse
723 4181 898 4254 amuletum,
920 4187 985 4242 vel
979 4203 1008 4244 in
1021 4189 1234 4279 cunipenendc
1230 4204 1317 4259 impe

187 4303 192 4310 .
281 4261 351 4314 ium.
371 4255 458 4312 Addll
472 4255 559 4312 etlam
575 4256 762 4328 liudolphus:
777 4279 791 4312 ιι
816 4230 898 4321 Nihil
919 4263 960 4323 illi
982 4267 1070 4337 graeci
1098 4276 1186 4338 poetae
1203 4271 1320 4340 pingere

282 4340 447 4408 potuerunt,
460 4335 516 4391 nisi
529 4336 604 4406 quod
619 4337 878 4401 oculissubiectum
892 4353 962 4412 erat,
978 4348 1031 4406 hoc
1043 4354 1086 4406 est
1102 4350 1322 4406 Atheniensium
1342 4367 1344 4371 ·

279 4423 306 4474 et
319 4417 563 4487 Syracusanorum
578 4431 679 4474 mores.
698 4439 712 4471 »
733 4421 816 4480 Nulla
837 4431 932 4486 autam
956 4428 1047 4485 Plauti
1063 4430 1157 4486 sabula
1173 4431 1321 4501 Syracusis

251 4498 386 4570 agitur,
399 4495 499 4552 nulla
491 4511 522 4552 ιιι
535 4497 640 4554 Sicilia
731 4541 733 4546 ,
