3718 5836
896 699 1159 770 '-90-

537 853 705 954 sequenti
721 851 866 928 aliaest
881 833 1094 928 exercendae
1109 873 1237 928 eurum
1253 825 1440 928 tnemcniae
1457 853 1551 938 catio
1569 881 1579 925 ε

439 963 441 972 ’
537 989 578 1058 ut
597 982 633 1056 in
648 977 811 1054 Petronii
832 975 958 1063 satira,
993 975 1052 1048 cui
1071 992 1209 1050 nomen·
1224 984 1421 1075 Satyrione,
1442 979 1580 1076 aliquis

536 1110 582 1182 de
595 1106 701 1205 plebe
729 1101 930 1182 inducitur.
954 1101 1030 1196 qui,
1063 1103 1231 1198 quamvis
1254 1105 1372 1180 filium
1405 1106 1579 1192 tonscniae
1664 1199 1666 1206 y

537 1235 606 1309 arti
625 1229 801 1342 destinet,
836 1225 927 1302 iuris
948 1225 1088 1322 aliquid
1108 1251 1194 1302 eum
1223 1235 1371 1326 gustare
1397 1253 1419 1312 a
1450 1253 1487 1302 re
1505 1253 1579 1304 non

405 1369 427 1457 J
537 1361 699 1436 alienum
714 1352 815 1428 ducit
832 1357 868 1424 et
880 1351 1021 1446 aliquot
1040 1353 1128 1426 emit
1148 1380 1169 1424 c
1193 1353 1486 1430 libranubricata
1499 1385 1524 1426 ι»
1543 1357 1577 1428 ei

537 1479 798 1586 persolvenda.
823 1477 923 1550 Idem
954 1497 1046 1571 puer
1070 1477 1149 1568 (nec
1175 1475 1330 1552 interest
1352 1485 1474 1560 utrum
1499 1478 1580 1576 ple-

537 1597 641 1684 beius
655 1630 702 1684 an
719 1602 895 1702 patricius
927 1599 1004 1694 sit),
1028 1603 1453 1716 postquamJadolevenit
1468 1611 1575 1692 aetas,
1690 1647 1694 1652 -

537 1735 712 1830 frequens
731 1729 770 1804 in
791 1729 911 1802 rorum
930 1725 998 1798 ibit
1026 1731 1063 1800 et

533 1923 535 1928 '
647 1927 752 1974 mane
766 1908 808 1970 ad
824 1913 962 1978 noctem,
979 1907 1064 1970 festo
1078 1911 1177 1986 atque
1193 1908 1337 1986 profesto

514 2115 517 2122 '
539 2099 684 2198 negotia
696 2097 864 2184 facesset,
904 2095 1087 2191 civesque,
1121 2055 1284 2169 hostiuin
1298 2094 1395 2198 locu¹
1411 2094 1575 2180 ⁴habitos,

538 2224 674 2302 astutia
686 2229 721 2297 et
738 2221 834 2295 dolis
848 2218 1023 2296 deludere
1044 2225 1080 2292 et
1098 2217 1207 2293 bonis
1221 2224 1385 2302 evertere
1399 2219 1573 2295 tentabit}

415 2392 419 2400 ·
539 2351 591 2428 sic
611 2349 710 2424 enim
740 2344 863 2420 inille
892 2344 972 2418 soro
1003 2341 1153 2432 vivitur,
1182 2344 1353 2439 quodum
1372 2367 1495 2425 aream
1512 2345 1577 2416 de.

516 2509 518 2516 ·
537 2472 657 2572 pinxit
668 2469 843 2557 Lucilius,
865 2467 903 2542 in
923 2465 1008 2564 qu'a,
1029 2467 1213 2540 cumboni
1226 2467 1388 2569 malique
1404 2468 1480 2545 doli
1496 2493 1576 2568 puec-

537 2620 650 2696 parva
669 2601 732 2670 aut
758 2593 863 2668 nulla
879 2591 927 2668 sit
938 2589 1151 2682 distinctio,
1167 2592 1385 2690 depecunia
1404 2600 1439 2666 et
1455 2585 1574 2680 nede-

535 2728 679 2797 centant
709 2719 892 2805 homines,
923 2717 1092 2792 vincente
1116 2716 1407 2810 mendacissimo
1429 2740 1575 2812 quoque
1635 2705 1636 2710 ¹

535 2853 754 2926 veteratore.
786 2845 860 2918 Nec
875 2883 877 2887 ·
893 2843 1016 2924 miuus
1035 2866 1119 2916 acer
1144 2844 1199 2916 ins
1221 2843 1473 2942 describendo¹
1496 2844 1575 2920 sono

537 2969 730 3046 Petronius
744 2969 801 3042 his
817 2967 977 3042 verbis«
995 2969 1252 3066 Quoscumque
1265 2969 1437 3043 homines
1457 2970 1494 3044 in
1508 2969 1575 3047 hac

537 3095 627 3171 urbe
647 3093 828 3200 videritis
851 3093 980 3166 scitote
992 3093 1030 3165 in
1043 3093 1137 3188 duas
1167 3101 1290 3190 partes
1311 3119 1393 3178 esse
1407 3095 1572 3177 divisus;

537 3244 624 3294 nam
648 3223 919 3315 autcaptantun
934 3221 997 3290 aut
1016 3221 1164 3316 captant
1183 3215 1227 3314 (t)
1243 3242 1277 3292 a.
1297 3213 1574 3306 Nunneetiaun,

520 3345 569 3416 ·si
584 3343 833 3441 grammaticis
861 3343 971 3416 fidem
1004 3341 1167 3428 insinua
1189 3343 1576 3442 pecu3pecunia2dicta
1648 3369 1671 3384 ‘
1743 3347 1747 3356 '

537 3472 622 3548 est?
637 3469 720 3544 Noli
733 3469 844 3564 igitur
868 3468 993 3542 mirari
1010 3468 1039 3538 si
1059 3463 1216 3540 Evandri
1243 3475 1409 3564 nepotes,
1428 3493 1472 3541 ex
1490 3493 1576 3566 pas·

536 3596 678 3670 toribus
703 3593 949 3689 negotiatores
970 3593 1283 3690 saeti‚,p0stqua1u
1305 3593 1496 3675 desierunt
1514 3617 1577 3667 co·
1686 3663 1690 3668 .

535 3745 622 3816 gene
642 3742 769 3814 pecua,
785 3714 958 3814 pecunias
971 3718 1148 3792 attentius
1169 3714 1381 3815 coegerunt.
1399 3719 1577 3816 Nemulta

536 3847 575 3917 in
591 3845 694 3920 lucro
709 3843 881 3946 ,faciendo
900 3851 1057 3926 atroces
1081 3842 1239 3936 negotiis
1251 3841 1496 3936 intentossei
1517 3840 1575 3912 vel

451 3999 453 4006 ·
536 3969 672 4068 triplici
688 3991 801 4042 usura
816 3965 993 4062 augenda
1010 3968 1153 4056 auidOS,
1169 3966 1315 4044 assidue
1387 4001 1390 4010 ·

658 4190 807 4288 Crescece
823 4244 876 4287 res
891 4231 1014 4318 posset,
1025 4225 1128 4285 minui
1141 4138 1403 4285 ‹Ziicioiielihido
1418 4224 1474 4318 (2),

572 4414 611 4484 (u
626 4393 862 4484 Satyriconjus.

561 4493 608 4567 ti)
629 4495 726 4550 Horat.
740 4492 833 4563 Epist.
850 4507 881 4560 11,
897 4493 922 4568 ¹2
