<?xml version="1.0" encoding="UTF-8"?>
<!DOCTYPE html PUBLIC "-//W3C//DTD XHTML 1.0 Transitional//EN"
    "http://www.w3.org/TR/xhtml1/DTD/xhtml1-transitional.dtd">
<html xmlns="http://www.w3.org/1999/xhtml" xml:lang="en" lang="en">
 <head>
  <title>
</title>
<meta http-equiv="Content-Type" content="text/html;charset=utf-8" />
  <meta name='ocr-system' content='tesseract 3.04.00' />
  <meta name='ocr-capabilities' content='ocr_page ocr_carea ocr_par ocr_line ocrx_word'/>
</head>
<body>
  <div class='ocr_page' id='page_1' title='image "./defacetiisiurid00beckgoog_0086.png"; bbox 0 0 3718 5836; ppageno 0'>
   <div class='ocr_carea' id='block_1_1' title="bbox 201 705 1438 3452">
    <p class='ocr_par' dir='ltr' id='par_1_1' title="bbox 702 705 890 780">
     <span class='ocr_line' id='line_1_1' title="bbox 702 705 890 780; baseline 0.011 -2"><span class='ocrx_word' id='word_1_1' title='bbox 702 706 745 762; x_wconf 76' lang='lat'>&#39;&#39;-</span> <span class='ocrx_word' id='word_1_2' title='bbox 773 705 817 780; x_wconf 81' lang='lat'>79</span> <span class='ocrx_word' id='word_1_3' title='bbox 847 705 890 760; x_wconf 52' lang='grc' dir='ltr'>Σὲ</span> 
     </span>
    </p>

    <p class='ocr_par' dir='ltr' id='par_1_2' title="bbox 201 827 1438 3451">
     <span class='ocr_line' id='line_1_2' title="bbox 269 827 1317 957; baseline -0.001 -23"><span class='ocrx_word' id='word_1_4' title='bbox 269 835 359 956; x_wconf 63' lang='lat' dir='ltr'>&lt;luel</span> <span class='ocrx_word' id='word_1_5' title='bbox 382 856 615 957; x_wconf 73' lang='lat' dir='ltr'>fie&#39;ri&#39;po&#39;sse&#39;</span> <span class='ocrx_word' id='word_1_6' title='bbox 642 867 680 934; x_wconf 90' lang='lat' dir='ltr'>ut</span> <span class='ocrx_word' id='word_1_7' title='bbox 736 831 833 954; x_wconf 80' lang='lat' dir='ltr'>quis,</span> <span class='ocrx_word' id='word_1_8' title='bbox 873 848 1069 956; x_wconf 81' lang='lat' dir='ltr'>postquam</span> <span class='ocrx_word' id='word_1_9' title='bbox 1108 827 1317 956; x_wconf 47' lang='lat' dir='ltr'>cuiuslibetl</span> 
     </span>
     <span class='ocr_line' id='line_1_3' title="bbox 271 969 1309 1084; baseline 0.001 -27"><span class='ocrx_word' id='word_1_10' title='bbox 271 984 667 1081; x_wconf 13' lang='lat' dir='ltr'>nationis*scriptores¹</span> <span class='ocrx_word' id='word_1_11' title='bbox 692 984 841 1078; x_wconf 83' lang='lat' dir='ltr'>legerit,</span> <span class='ocrx_word' id='word_1_12' title='bbox 891 969 1110 1084; x_wconf 53' lang='lat' dir='ltr'>praesertim&#39;</span> <span class='ocrx_word' id='word_1_13' title='bbox 1145 989 1309 1072; x_wconf 81' lang='lat' dir='ltr'>nostros,</span> 
     </span>
     <span class='ocr_line' id='line_1_4' title="bbox 272 1085 1307 1209; baseline 0.001 -28"><span class='ocrx_word' id='word_1_14' title='bbox 272 1085 432 1209; x_wconf 87' lang='lat' dir='ltr'>plurima</span> <span class='ocrx_word' id='word_1_15' title='bbox 451 1111 601 1206; x_wconf 81' lang='lat' dir='ltr'>colligat</span> <span class='ocrx_word' id='word_1_16' title='bbox 629 1117 909 1207; x_wconf 62' lang='lat' dir='ltr'>connectamus,</span> <span class='ocrx_word' id='word_1_17' title='bbox 939 1118 973 1186; x_wconf 87' lang='lat' dir='ltr'>el</span> <span class='ocrx_word' id='word_1_18' title='bbox 991 1111 1028 1183; x_wconf 90' lang='lat' dir='ltr'>in</span> <span class='ocrx_word' id='word_1_19' title='bbox 1049 1110 1307 1198; x_wconf 77' lang='lat' dir='ltr'>bibliothecas,</span> 
     </span>
     <span class='ocr_line' id='line_1_5' title="bbox 210 1235 1313 1337; baseline -0.004 -26"><span class='ocrx_word' id='word_1_20' title='bbox 210 1305 212 1311; x_wconf 81' lang='grc'>,</span> <span class='ocrx_word' id='word_1_21' title='bbox 273 1235 384 1326; x_wconf 76' lang='lat' dir='ltr'>ueluti</span> <span class='ocrx_word' id='word_1_22' title='bbox 414 1246 574 1308; x_wconf 85' lang='lat' dir='ltr'>messem</span> <span class='ocrx_word' id='word_1_23' title='bbox 594 1235 633 1308; x_wconf 89' lang='lat' dir='ltr'>in</span> <span class='ocrx_word' id='word_1_24' title='bbox 666 1236 813 1324; x_wconf 85' lang='lat' dir='ltr'>horrea,</span> <span class='ocrx_word' id='word_1_25' title='bbox 842 1237 1029 1309; x_wconf 78' lang='lat' dir='ltr'>recondet.</span> <span class='ocrx_word' id='word_1_26' title='bbox 1055 1235 1129 1310; x_wconf 89' lang='lat' dir='ltr'>Nos</span> <span class='ocrx_word' id='word_1_27' title='bbox 1146 1257 1313 1337; x_wconf 50' lang='lat' dir='ltr'>quoqueq</span> 
     </span>
     <span class='ocr_line' id='line_1_6' title="bbox 201 1345 1438 1458; baseline -0.003 -24"><span class='ocrx_word' id='word_1_28' title='bbox 201 1345 203 1352; x_wconf 51' lang='grc'><em>’</em></span> <span class='ocrx_word' id='word_1_29' title='bbox 274 1361 371 1454; x_wconf 89' lang='lat' dir='ltr'>quod</span> <span class='ocrx_word' id='word_1_30' title='bbox 385 1361 438 1438; x_wconf 70' lang='lat' dir='ltr'>,ad</span> <span class='ocrx_word' id='word_1_31' title='bbox 455 1360 597 1456; x_wconf 86' lang='lat' dir='ltr'>litteras</span> <span class='ocrx_word' id='word_1_32' title='bbox 617 1359 760 1448; x_wconf 81' lang='lat' dir='ltr'>attinet,</span> <span class='ocrx_word' id='word_1_33' title='bbox 779 1361 916 1434; x_wconf 82' lang='lat' dir='ltr'>multos</span> <span class='ocrx_word' id='word_1_34' title='bbox 944 1361 1023 1434; x_wconf 90' lang='lat' dir='ltr'>eius</span> <span class='ocrx_word' id='word_1_35' title='bbox 1043 1360 1190 1458; x_wconf 85' lang='lat' dir='ltr'>generis</span> <span class='ocrx_word' id='word_1_36' title='bbox 1211 1358 1320 1432; x_wconf 83' lang='lat' dir='ltr'>locos·</span> <span class='ocrx_word' id='word_1_37' title='bbox 1434 1412 1438 1422; x_wconf 89' lang='lat'>.</span> 
     </span>
     <span class='ocr_line' id='line_1_7' title="bbox 274 1465 1326 1582; baseline -0.003 -25"><span class='ocrx_word' id='word_1_38' title='bbox 274 1509 317 1557; x_wconf 88' lang='lat' dir='ltr'>ex</span> <span class='ocrx_word' id='word_1_39' title='bbox 345 1472 486 1558; x_wconf 84' lang='lat' dir='ltr'>nostris</span> <span class='ocrx_word' id='word_1_40' title='bbox 503 1465 744 1582; x_wconf 77' lang='lat' dir='ltr'>scriptoribus</span> <span class='ocrx_word' id='word_1_41' title='bbox 764 1487 910 1581; x_wconf 81' lang='lat' dir='ltr'>excerpi</span> <span class='ocrx_word' id='word_1_42' title='bbox 931 1509 1040 1582; x_wconf 90' lang='lat' dir='ltr'>posse</span> <span class='ocrx_word' id='word_1_43' title='bbox 1066 1509 1140 1559; x_wconf 89' lang='lat' dir='ltr'>non</span> <span class='ocrx_word' id='word_1_44' title='bbox 1168 1485 1326 1579; x_wconf 67' lang='lat' dir='ltr'>ignora«.</span> 
     </span>
     <span class='ocr_line' id='line_1_8' title="bbox 277 1607 1311 1712; baseline -0.004 -30"><span class='ocrx_word' id='word_1_45' title='bbox 277 1615 452 1696; x_wconf 1' lang='lat' dir='ltr'>mussz&#39;utae</span> <span class='ocrx_word' id='word_1_46' title='bbox 466 1633 510 1682; x_wconf 83' lang='lat' dir='ltr'>ex</span> <span class='ocrx_word' id='word_1_47' title='bbox 523 1609 674 1684; x_wconf 85' lang='lat' dir='ltr'>Antonii</span> <span class='ocrx_word' id='word_1_48' title='bbox 693 1609 824 1712; x_wconf 81' lang='lat' dir='ltr'>Loysel</span> <span class='ocrx_word' id='word_1_49' title='bbox 844 1613 1019 1681; x_wconf 80' lang='lat' dir='ltr'>lnstttun&#39;s</span> <span class='ocrx_word' id='word_1_50' title='bbox 1030 1614 1118 1682; x_wconf 80' lang='lat' dir='ltr'>iuris</span> <span class='ocrx_word' id='word_1_51' title='bbox 1133 1607 1311 1682; x_wconf 78' lang='lat' dir='ltr'>consueto·</span> 
     </span>
     <span class='ocr_line' id='line_1_9' title="bbox 277 1717 1426 1831; baseline -0.002 -27"><span class='ocrx_word' id='word_1_52' title='bbox 277 1735 355 1805; x_wconf 73' lang='lat' dir='ltr'>itini</span> <span class='ocrx_word' id='word_1_53' title='bbox 378 1737 635 1808; x_wconf 79' lang='lat' dir='ltr'>uccornmodatir</span> <span class='ocrx_word' id='word_1_54' title='bbox 665 1734 753 1828; x_wconf 90' lang='lat' dir='ltr'>quid</span> <span class='ocrx_word' id='word_1_55' title='bbox 786 1735 837 1806; x_wconf 88' lang='lat' dir='ltr'>ad&#39;</span> <span class='ocrx_word' id='word_1_56' title='bbox 859 1733 1068 1806; x_wconf 82' lang='lat' dir='ltr'>sermonem</span> <span class='ocrx_word' id='word_1_57' title='bbox 1088 1732 1321 1831; x_wconf 64' lang='lat' dir='ltr'>‘populareui</span> <span class='ocrx_word' id='word_1_58' title='bbox 1424 1717 1426 1726; x_wconf 17' lang='grc' dir='ltr'><strong>Δ</strong></span> 
     </span>
     <span class='ocr_line' id='line_1_10' title="bbox 278 1855 1425 1956; baseline 0 -28"><span class='ocrx_word' id='word_1_59' title='bbox 278 1855 1324 1956; x_wconf 62' lang='lat' dir='ltr'>informandumvalueritiusantiquumapertedemons7=</span> <span class='ocrx_word' id='word_1_60' title='bbox 1424 1905 1425 1914; x_wconf 22' lang='grc' dir='ltr'><strong>κ</strong></span> 
     </span>
     <span class='ocr_line' id='line_1_11' title="bbox 277 1965 1326 2086; baseline -0.002 -30"><span class='ocrx_word' id='word_1_61' title='bbox 277 1988 407 2069; x_wconf 72' lang='lat' dir='ltr'>tratur</span> <span class='ocrx_word' id='word_1_62' title='bbox 425 1983 496 2056; x_wconf 85' lang='lat' dir='ltr'>Sed</span> <span class='ocrx_word' id='word_1_63' title='bbox 513 1985 630 2060; x_wconf 87' lang='lat' dir='ltr'>multo</span> <span class='ocrx_word' id='word_1_64' title='bbox 651 1984 840 2080; x_wconf 77' lang='lat' dir='ltr'>operosior</span> <span class='ocrx_word' id='word_1_65' title='bbox 856 1965 954 2056; x_wconf 85' lang='lat' dir='ltr'>esset</span> <span class='ocrx_word' id='word_1_66' title='bbox 974 1983 1011 2056; x_wconf 94' lang='lat' dir='ltr'>in</span> <span class='ocrx_word' id='word_1_67' title='bbox 1028 1983 1111 2086; x_wconf 85' lang='lat' dir='ltr'>aliis</span> <span class='ocrx_word' id='word_1_68' title='bbox 1127 1982 1326 2078; x_wconf 54' lang='lat' dir='ltr'>gentibuss</span> 
     </span>
     <span class='ocr_line' id='line_1_12' title="bbox 279 2105 1322 2215; baseline -0.002 -35"><span class='ocrx_word' id='word_1_69' title='bbox 279 2131 395 2204; x_wconf 71' lang='lat' dir='ltr'>quarn,</span> <span class='ocrx_word' id='word_1_70' title='bbox 412 2109 547 2195; x_wconf 75' lang='lat' dir='ltr'>llomae,</span> <span class='ocrx_word' id='word_1_71' title='bbox 568 2107 653 2180; x_wconf 87' lang='lat' dir='ltr'>telis</span> <span class='ocrx_word' id='word_1_72' title='bbox 674 2107 876 2202; x_wconf 76' lang='lat' dir='ltr'>indagatio,</span> <span class='ocrx_word' id='word_1_73' title='bbox 915 2133 982 2180; x_wconf 90' lang='lat' dir='ltr'>nec</span> <span class='ocrx_word' id='word_1_74' title='bbox 1007 2108 1077 2215; x_wconf 85' lang='lat' dir='ltr'>nisi</span> <span class='ocrx_word' id='word_1_75' title='bbox 1111 2105 1322 2204; x_wconf 85' lang='lat' dir='ltr'>permultas</span> 
     </span>
     <span class='ocr_line' id='line_1_13' title="bbox 279 2233 1327 2330; baseline 0 -26"><span class='ocrx_word' id='word_1_76' title='bbox 279 2234 451 2329; x_wconf 84' lang='lat' dir='ltr'>regiones</span> <span class='ocrx_word' id='word_1_77' title='bbox 465 2233 670 2330; x_wconf 88' lang='lat' dir='ltr'>pererranti</span> <span class='ocrx_word' id='word_1_78' title='bbox 687 2233 1074 2328; x_wconf 70' lang='lat' dir='ltr'>pradacontingeret:</span> <span class='ocrx_word' id='word_1_79' title='bbox 1093 2233 1327 2329; x_wconf 75' lang='lat' dir='ltr'>quee&#39;contre</span> 
     </span>
     <span class='ocr_line' id='line_1_14' title="bbox 280 2357 1316 2474; baseline -0.002 -44"><span class='ocrx_word' id='word_1_80' title='bbox 280 2383 321 2430; x_wconf 84' lang='lat' dir='ltr'>ex</span> <span class='ocrx_word' id='word_1_81' title='bbox 359 2358 531 2474; x_wconf 81' lang='lat' dir='ltr'>omnibus</span> <span class='ocrx_word' id='word_1_82' title='bbox 569 2357 736 2458; x_wconf 85' lang='lat' dir='ltr'>partibus</span> <span class='ocrx_word' id='word_1_83' title='bbox 776 2357 912 2432; x_wconf 90' lang='lat' dir='ltr'>latinos</span> <span class='ocrx_word' id='word_1_84' title='bbox 949 2358 1145 2456; x_wconf 73' lang='lat' dir='ltr'>scriptores</span> <span class='ocrx_word' id='word_1_85' title='bbox 1180 2357 1316 2455; x_wconf 82' lang='lat' dir='ltr'>legenti</span> 
     </span>
     <span class='ocr_line' id='line_1_15' title="bbox 236 2473 1315 2579; baseline 0.002 -29"><span class='ocrx_word' id='word_1_86' title='bbox 236 2537 240 2550; x_wconf 94' lang='lat'><strong><em>.</em></strong></span> <span class='ocrx_word' id='word_1_87' title='bbox 280 2490 410 2578; x_wconf 89' lang='lat' dir='ltr'>sponte</span> <span class='ocrx_word' id='word_1_88' title='bbox 425 2473 623 2570; x_wconf 88' lang='lat' dir='ltr'>occurrere</span> <span class='ocrx_word' id='word_1_89' title='bbox 646 2483 745 2556; x_wconf 86' lang='lat' dir='ltr'>videt</span> <span class='ocrx_word' id='word_1_90' title='bbox 731 2489 803 2556; x_wconf 86' lang='lat' dir='ltr'>t.ur</span> <span class='ocrx_word' id='word_1_91' title='bbox 827 2483 996 2556; x_wconf 87' lang='lat' dir='ltr'>Ceterum</span> <span class='ocrx_word' id='word_1_92' title='bbox 1025 2481 1121 2579; x_wconf 87' lang='lat' dir='ltr'>apud</span> <span class='ocrx_word' id='word_1_93' title='bbox 1153 2485 1315 2570; x_wconf 75' lang='lat' dir='ltr'>nostroe,</span> 
     </span>
     <span class='ocr_line' id='line_1_16' title="bbox 280 2605 1317 2703; baseline -0.002 -23"><span class='ocrx_word' id='word_1_94' title='bbox 280 2607 343 2703; x_wconf 91' lang='lat' dir='ltr'>qui</span> <span class='ocrx_word' id='word_1_95' title='bbox 362 2613 443 2680; x_wconf 81' lang='lat' dir='ltr'>sext</span> <span class='ocrx_word' id='word_1_96' title='bbox 428 2607 680 2680; x_wconf 85' lang='lat' dir='ltr'>todecimot</span> <span class='ocrx_word' id='word_1_97' title='bbox 644 2631 663 2679; x_wconf 87' lang='lat' dir='ltr'>e</span> <span class='ocrx_word' id='word_1_98' title='bbox 666 2607 855 2703; x_wconf 84' lang='lat' dir='ltr'>tseptirno</span> <span class='ocrx_word' id='word_1_99' title='bbox 869 2607 1012 2680; x_wconf 89' lang='lat' dir='ltr'>decimo</span> <span class='ocrx_word' id='word_1_100' title='bbox 1034 2607 1159 2680; x_wconf 90' lang='lat' dir='ltr'>seculo</span> <span class='ocrx_word' id='word_1_101' title='bbox 1185 2605 1317 2683; x_wconf 88' lang='lat' dir='ltr'>florue-</span> 
     </span>
     <span class='ocr_line' id='line_1_17' title="bbox 281 2718 1318 2828; baseline 0 -26"><span class='ocrx_word' id='word_1_102' title='bbox 281 2739 378 2820; x_wconf 89' lang='lat' dir='ltr'>runt,</span> <span class='ocrx_word' id='word_1_103' title='bbox 402 2732 600 2828; x_wconf 85' lang='lat' dir='ltr'>nonnullas</span> <span class='ocrx_word' id='word_1_104' title='bbox 618 2718 1028 2808; x_wconf 85' lang='lat' dir='ltr'>ellendimusiuridicas</span> <span class='ocrx_word' id='word_1_105' title='bbox 1043 2731 1217 2804; x_wconf 83' lang='lat' dir='ltr'>facetias:</span> <span class='ocrx_word' id='word_1_106' title='bbox 1232 2753 1318 2804; x_wconf 89' lang='lat' dir='ltr'>narn</span> 
     </span>
     <span class='ocr_line' id='line_1_18' title="bbox 280 2834 1319 2964; baseline 0.002 -36"><span class='ocrx_word' id='word_1_107' title='bbox 280 2858 310 2928; x_wconf 90' lang='lat' dir='ltr'>si</span> <span class='ocrx_word' id='word_1_108' title='bbox 333 2834 462 2930; x_wconf 76' lang='lat' dir='ltr'>libros</span> <span class='ocrx_word' id='word_1_109' title='bbox 475 2857 705 2956; x_wconf 85' lang='lat' dir='ltr'>Stephani(t</span> <span class='ocrx_word' id='word_1_110' title='bbox 712 2858 722 2953; x_wconf 86' lang='grc'>)</span> <span class='ocrx_word' id='word_1_111' title='bbox 756 2864 819 2964; x_wconf 87' lang='lat' dir='ltr'>aut</span> <span class='ocrx_word' id='word_1_112' title='bbox 856 2857 1184 2954; x_wconf 73' lang='lat' dir='ltr'>Pasqurer1(2),ut</span> <span class='ocrx_word' id='word_1_113' title='bbox 1211 2879 1319 2952; x_wconf 86' lang='lat' dir='ltr'>agros</span> 
     </span>
     <span class='ocr_line' id='line_1_19' title="bbox 279 2981 1393 3097; baseline -0.001 -43"><span class='ocrx_word' id='word_1_114' title='bbox 279 2983 445 3100; x_wconf 90' lang='lat' dir='ltr'>intentus</span> <span class='ocrx_word' id='word_1_115' title='bbox 462 2984 593 3087; x_wconf 84' lang='lat' dir='ltr'>praedae</span> <span class='ocrx_word' id='word_1_116' title='bbox 607 2990 775 3072; x_wconf 81' lang='lat' dir='ltr'>venator,</span> <span class='ocrx_word' id='word_1_117' title='bbox 792 2981 1016 3080; x_wconf 81' lang='lat' dir='ltr'>perscrutari</span> <span class='ocrx_word' id='word_1_118' title='bbox 1038 2986 1214 3069; x_wconf 81' lang='lat' dir='ltr'>tentares,</span> <span class='ocrx_word' id='word_1_119' title='bbox 1244 3003 1319 3054; x_wconf 90' lang='lat' dir='ltr'>non</span> <span class='ocrx_word' id='word_1_120' title='bbox 1389 2995 1393 3004; x_wconf 85' lang='lat'>&#39;</span> 
     </span>
     <span class='ocr_line' id='line_1_20' title="bbox 281 3091 1319 3220; baseline -0.001 -42"><span class='ocrx_word' id='word_1_121' title='bbox 281 3093 408 3180; x_wconf 85' lang='lat' dir='ltr'>inanes</span> <span class='ocrx_word' id='word_1_122' title='bbox 423 3091 647 3220; x_wconf 81' lang='lat' dir='ltr'>reportares</span> <span class='ocrx_word' id='word_1_123' title='bbox 675 3131 820 3181; x_wconf 86' lang='lat' dir='ltr'>manus.</span> <span class='ocrx_word' id='word_1_124' title='bbox 855 3107 981 3202; x_wconf 88' lang='lat' dir='ltr'>Neque</span> <span class='ocrx_word' id='word_1_125' title='bbox 1012 3105 1106 3178; x_wconf 91' lang='lat' dir='ltr'>nihil</span> <span class='ocrx_word' id='word_1_126' title='bbox 1141 3105 1290 3178; x_wconf 86' lang='lat' dir='ltr'>etiam</span> <span class='ocrx_word' id='word_1_127' title='bbox 1280 3129 1319 3178; x_wconf 86' lang='lat' dir='ltr'>in</span> 
     </span>
     <span class='ocr_line' id='line_1_21' title="bbox 282 3200 1319 3328; baseline -0.002 -24"><span class='ocrx_word' id='word_1_128' title='bbox 282 3200 409 3304; x_wconf 70' lang='lat' dir='ltr'>satira·</span> <span class='ocrx_word' id='word_1_129' title='bbox 403 3217 654 3328; x_wconf 82' lang='lat' dir='ltr'>Menippea</span> <span class='ocrx_word' id='word_1_130' title='bbox 645 3231 827 3320; x_wconf 64' lang='lat' dir='ltr'>invenias</span> <span class='ocrx_word' id='word_1_131' title='bbox 857 3233 921 3304; x_wconf 90' lang='lat' dir='ltr'>sed</span> <span class='ocrx_word' id='word_1_132' title='bbox 950 3205 1164 3326; x_wconf 87' lang='lat' dir='ltr'>quosdam</span> <span class='ocrx_word' id='word_1_133' title='bbox 1154 3229 1319 3325; x_wconf 82' lang='lat' dir='ltr'>insignes</span> 
     </span>
     <span class='ocr_line' id='line_1_22' title="bbox 283 3351 1045 3452; baseline 0.003 -27"><span class='ocrx_word' id='word_1_134' title='bbox 283 3351 517 3452; x_wconf 71' lang='lat' dir='ltr'>hujusmodi</span> <span class='ocrx_word' id='word_1_135' title='bbox 513 3357 646 3428; x_wconf 87' lang='lat' dir='ltr'>locos</span> <span class='ocrx_word' id='word_1_136' title='bbox 702 3441 703 3448; x_wconf 7' lang='grc' dir='ltr'>ἵ</span> <span class='ocrx_word' id='word_1_137' title='bbox 865 3371 868 3375; x_wconf 85' lang='grc'><em>·</em></span> <span class='ocrx_word' id='word_1_138' title='bbox 1031 3367 1045 3371; x_wconf 83' lang='grc'>”</span> 
     </span>
    </p>
   </div>
   <div class='ocr_carea' id='block_1_2' title="bbox 283 3565 1322 3758">
    <p class='ocr_par' dir='ltr' id='par_1_3' title="bbox 283 3565 1322 3758">
     <span class='ocr_line' id='line_1_23' title="bbox 321 3565 1320 3652; baseline -0.002 -24"><span class='ocrx_word' id='word_1_139' title='bbox 321 3569 399 3629; x_wconf 88' lang='lat' dir='ltr'>Mais</span> <span class='ocrx_word' id='word_1_140' title='bbox 411 3569 477 3646; x_wconf 72' lang='lat' dir='ltr'>J’en</span> <span class='ocrx_word' id='word_1_141' title='bbox 496 3588 623 3648; x_wconf 85' lang='lat' dir='ltr'>connoy</span> <span class='ocrx_word' id='word_1_142' title='bbox 646 3567 720 3646; x_wconf 91' lang='lat' dir='ltr'>plus</span> <span class='ocrx_word' id='word_1_143' title='bbox 746 3567 842 3628; x_wconf 86' lang='lat' dir='ltr'>d’une</span> <span class='ocrx_word' id='word_1_144' title='bbox 869 3567 1026 3629; x_wconf 87' lang='lat' dir='ltr'>douzaine</span> <span class='ocrx_word' id='word_1_145' title='bbox 1050 3585 1090 3628; x_wconf 87' lang='lat' dir='ltr'>en</span> <span class='ocrx_word' id='word_1_146' title='bbox 1120 3571 1230 3652; x_wconf 85' lang='lat' dir='ltr'>nostre</span> <span class='ocrx_word' id='word_1_147' title='bbox 1245 3565 1320 3626; x_wconf 89' lang='lat' dir='ltr'>ville</span> 
     </span>
     <span class='ocr_line' id='line_1_24' title="bbox 283 3663 1322 3758; baseline 0 -34"><span class='ocrx_word' id='word_1_148' title='bbox 283 3667 366 3744; x_wconf 77' lang='lat' dir='ltr'>aqui</span> <span class='ocrx_word' id='word_1_149' title='bbox 382 3667 413 3727; x_wconf 91' lang='lat' dir='ltr'>la</span> <span class='ocrx_word' id='word_1_150' title='bbox 427 3685 511 3748; x_wconf 88' lang='lat' dir='ltr'>peau</span> <span class='ocrx_word' id='word_1_151' title='bbox 527 3674 559 3728; x_wconf 92' lang='lat' dir='ltr'>et</span> <span class='ocrx_word' id='word_1_152' title='bbox 573 3667 604 3727; x_wconf 91' lang='lat' dir='ltr'>la</span> <span class='ocrx_word' id='word_1_153' title='bbox 618 3666 727 3746; x_wconf 90' lang='lat' dir='ltr'>plume</span> <span class='ocrx_word' id='word_1_154' title='bbox 743 3666 940 3746; x_wconf 84' lang='lat' dir='ltr'>de&#39;maugent</span> <span class='ocrx_word' id='word_1_155' title='bbox 956 3671 988 3727; x_wconf 86' lang='lat' dir='ltr'>et</span> <span class='ocrx_word' id='word_1_156' title='bbox 1003 3665 1207 3758; x_wconf 77' lang='lat' dir='ltr'>u’attendeut</span> <span class='ocrx_word' id='word_1_157' title='bbox 1222 3663 1322 3742; x_wconf 83' lang='lat' dir='ltr'>qu’un</span> 
     </span>
    </p>
   </div>
   <div class='ocr_carea' id='block_1_3' title="bbox 283 3898 1380 4364">
    <p class='ocr_par' dir='ltr' id='par_1_4' title="bbox 283 3898 1380 4364">
     <span class='ocr_line' id='line_1_25' title="bbox 296 3898 1325 3978; baseline -0.003 -16"><span class='ocrx_word' id='word_1_158' title='bbox 296 3908 301 3930; x_wconf 82' lang='grc'>·“</span> <span class='ocrx_word' id='word_1_159' title='bbox 318 3906 354 3978; x_wconf 80' lang='lat' dir='ltr'>(t)</span> <span class='ocrx_word' id='word_1_160' title='bbox 371 3927 385 3958; x_wconf 88' lang='lat'>«</span> <span class='ocrx_word' id='word_1_161' title='bbox 398 3907 468 3964; x_wconf 85' lang='lat' dir='ltr'>Mais</span> <span class='ocrx_word' id='word_1_162' title='bbox 478 3911 541 3963; x_wconf 90' lang='lat' dir='ltr'>tous</span> <span class='ocrx_word' id='word_1_163' title='bbox 555 3906 597 3963; x_wconf 88' lang='lat' dir='ltr'>les</span> <span class='ocrx_word' id='word_1_164' title='bbox 612 3908 772 3963; x_wconf 83' lang='lat' dir='ltr'>courtisans</span> <span class='ocrx_word' id='word_1_165' title='bbox 784 3905 884 3964; x_wconf 81' lang='lat' dir='ltr'>cedent</span> <span class='ocrx_word' id='word_1_166' title='bbox 893 3905 915 3962; x_wconf 74' lang='lat' dir='ltr'>a</span> <span class='ocrx_word' id='word_1_167' title='bbox 925 3905 1024 3978; x_wconf 88' lang='lat' dir='ltr'>Ulysse</span> <span class='ocrx_word' id='word_1_168' title='bbox 1036 3921 1073 3962; x_wconf 88' lang='lat' dir='ltr'>en</span> <span class='ocrx_word' id='word_1_169' title='bbox 1084 3920 1142 3962; x_wconf 92' lang='lat' dir='ltr'>unc</span> <span class='ocrx_word' id='word_1_170' title='bbox 1153 3898 1237 3962; x_wconf 85' lang='lat' dir='ltr'>cliose</span> <span class='ocrx_word' id='word_1_171' title='bbox 1251 3917 1325 3975; x_wconf 85' lang='lat' dir='ltr'>pour</span> 
     </span>
     <span class='ocr_line' id='line_1_26' title="bbox 283 3985 1335 4062; baseline -0.003 -19"><span class='ocrx_word' id='word_1_172' title='bbox 283 3987 404 4058; x_wconf 77' lang='lat' dir='ltr'>laquelle</span> <span class='ocrx_word' id='word_1_173' title='bbox 427 3987 462 4042; x_wconf 91' lang='lat' dir='ltr'>ils</span> <span class='ocrx_word' id='word_1_174' title='bbox 476 4002 521 4044; x_wconf 88' lang='lat' dir='ltr'>rne</span> <span class='ocrx_word' id='word_1_175' title='bbox 535 3988 594 4044; x_wconf 84' lang='lat' dir='ltr'>lent</span> <span class='ocrx_word' id='word_1_176' title='bbox 607 3987 698 4062; x_wconf 78' lang='lat' dir='ltr'>grand</span> <span class='ocrx_word' id='word_1_177' title='bbox 715 3986 792 4058; x_wconf 78' lang='lat' dir='ltr'>pitit,</span> <span class='ocrx_word' id='word_1_178' title='bbox 814 3987 881 4044; x_wconf 89' lang='lat' dir='ltr'>c&#39;est</span> <span class='ocrx_word' id='word_1_179' title='bbox 895 4003 951 4058; x_wconf 85' lang='lat' dir='ltr'>que</span> <span class='ocrx_word' id='word_1_180' title='bbox 967 3987 1067 4058; x_wconf 89' lang='lat' dir='ltr'>Ulysse</span> <span class='ocrx_word' id='word_1_181' title='bbox 1085 3987 1141 4044; x_wconf 83' lang='lat' dir='ltr'>alla</span> <span class='ocrx_word' id='word_1_182' title='bbox 1156 4000 1215 4042; x_wconf 85' lang='lat' dir='ltr'>aux</span> <span class='ocrx_word' id='word_1_183' title='bbox 1230 3985 1335 4042; x_wconf 86' lang='lat' dir='ltr'>enters·</span> 
     </span>
     <span class='ocr_line' id='line_1_27' title="bbox 283 4064 1325 4138; baseline -0.004 -14"><span class='ocrx_word' id='word_1_184' title='bbox 283 4074 310 4124; x_wconf 86' lang='lat' dir='ltr'>et</span> <span class='ocrx_word' id='word_1_185' title='bbox 329 4081 365 4123; x_wconf 91' lang='lat' dir='ltr'>eu</span> <span class='ocrx_word' id='word_1_186' title='bbox 380 4067 475 4124; x_wconf 85' lang='lat' dir='ltr'>revint</span> <span class='ocrx_word' id='word_1_187' title='bbox 493 4081 566 4138; x_wconf 88' lang='lat' dir='ltr'>pour</span> <span class='ocrx_word' id='word_1_188' title='bbox 584 4081 621 4123; x_wconf 91' lang='lat' dir='ltr'>en</span> <span class='ocrx_word' id='word_1_189' title='bbox 635 4071 787 4138; x_wconf 84' lang='lat' dir='ltr'>rapporter</span> <span class='ocrx_word' id='word_1_190' title='bbox 806 4067 856 4124; x_wconf 90' lang='lat' dir='ltr'>des</span> <span class='ocrx_word' id='word_1_191' title='bbox 870 4066 1036 4134; x_wconf 84' lang='lat' dir='ltr'>nouvelles;</span> <span class='ocrx_word' id='word_1_192' title='bbox 1057 4082 1123 4134; x_wconf 87' lang='lat' dir='ltr'>eux,</span> <span class='ocrx_word' id='word_1_193' title='bbox 1137 4064 1234 4138; x_wconf 86' lang='lat' dir='ltr'>quand</span> <span class='ocrx_word' id='word_1_194' title='bbox 1256 4064 1325 4135; x_wconf 83' lang='lat' dir='ltr'>itsy</span> 
     </span>
     <span class='ocr_line' id='line_1_28' title="bbox 283 4143 1324 4218; baseline -0.004 -15"><span class='ocrx_word' id='word_1_195' title='bbox 283 4152 346 4203; x_wconf 87' lang='lat' dir='ltr'>scut</span> <span class='ocrx_word' id='word_1_196' title='bbox 356 4161 414 4203; x_wconf 89' lang='lat' dir='ltr'>une</span> <span class='ocrx_word' id='word_1_197' title='bbox 428 4145 490 4212; x_wconf 85' lang='lat' dir='ltr'>icis,</span> <span class='ocrx_word' id='word_1_198' title='bbox 506 4147 543 4203; x_wconf 90' lang='lat' dir='ltr'>on</span> <span class='ocrx_word' id='word_1_199' title='bbox 558 4161 573 4202; x_wconf 92' lang='grc'>3</span> <span class='ocrx_word' id='word_1_200' title='bbox 588 4147 663 4203; x_wconf 84' lang='lat' dir='ltr'>heau</span> <span class='ocrx_word' id='word_1_201' title='bbox 678 4147 718 4203; x_wconf 87' lang='lat' dir='ltr'>les</span> <span class='ocrx_word' id='word_1_202' title='bbox 730 4147 887 4203; x_wconf 85' lang='lat' dir='ltr'>adtonrner</span> <span class='ocrx_word' id='word_1_203' title='bbox 900 4146 919 4204; x_wconf 82' lang='lat' dir='ltr'>rt</span> <span class='ocrx_word' id='word_1_204' title='bbox 931 4161 982 4203; x_wconf 76' lang='lat' dir='ltr'>son</span> <span class='ocrx_word' id='word_1_205' title='bbox 994 4147 1027 4202; x_wconf 85' lang='lat' dir='ltr'>de</span> <span class='ocrx_word' id='word_1_206' title='bbox 1042 4151 1158 4218; x_wconf 64' lang='lat' dir='ltr'>tromper,</span> <span class='ocrx_word' id='word_1_207' title='bbox 1172 4143 1273 4200; x_wconf 84' lang='lat' dir='ltr'>iarnais</span> <span class='ocrx_word' id='word_1_208' title='bbox 1287 4158 1324 4200; x_wconf 91' lang='lat' dir='ltr'>on</span> 
     </span>
     <span class='ocr_line' id='line_1_29' title="bbox 283 4223 1380 4298; baseline -0.005 -14"><span class='ocrx_word' id='word_1_209' title='bbox 283 4243 319 4284; x_wconf 90' lang='lat' dir='ltr'>en</span> <span class='ocrx_word' id='word_1_210' title='bbox 340 4227 401 4284; x_wconf 80' lang='lat' dir='ltr'>voit</span> <span class='ocrx_word' id='word_1_211' title='bbox 419 4243 460 4283; x_wconf 89' lang='lat' dir='ltr'>uu</span> <span class='ocrx_word' id='word_1_212' title='bbox 474 4226 535 4284; x_wconf 88' lang='lat' dir='ltr'>seul</span> <span class='ocrx_word' id='word_1_213' title='bbox 561 4227 732 4298; x_wconf 84' lang='lat' dir='ltr'>comporotr.</span> <span class='ocrx_word' id='word_1_214' title='bbox 750 4248 761 4277; x_wconf 70' lang='lat' dir='ltr'>u</span> <span class='ocrx_word' id='word_1_215' title='bbox 777 4227 929 4298; x_wconf 69' lang='lat' dir='ltr'>Dictoque</span> <span class='ocrx_word' id='word_1_216' title='bbox 943 4223 1248 4298; x_wconf 69' lang='lat' dir='ltr'>do‘tunpcpefronpotr</span> <span class='ocrx_word' id='word_1_217' title='bbox 1269 4223 1324 4279; x_wconf 86' lang='lat' dir='ltr'>tto·</span> <span class='ocrx_word' id='word_1_218' title='bbox 1377 4250 1380 4254; x_wconf 93' lang='lat'>·</span> 
     </span>
     <span class='ocr_line' id='line_1_30' title="bbox 286 4307 400 4364; baseline 0 0"><span class='ocrx_word' id='word_1_219' title='bbox 286 4307 400 4364; x_wconf 78' lang='lat' dir='ltr'>tianize&#39;.</span> 
     </span>
    </p>
   </div>
   <div class='ocr_carea' id='block_1_4' title="bbox 301 4371 1429 4458">
    <p class='ocr_par' dir='ltr' id='par_1_5' title="bbox 301 4371 1429 4458">
     <span class='ocr_line' id='line_1_31' title="bbox 301 4371 1429 4458; baseline -0.004 -14"><span class='ocrx_word' id='word_1_220' title='bbox 301 4385 359 4458; x_wconf 78' lang='lat' dir='ltr'>·(2t</span> <span class='ocrx_word' id='word_1_221' title='bbox 377 4389 490 4443; x_wconf 81' lang='lat' dir='ltr'>tettrcs.</span> <span class='ocrx_word' id='word_1_222' title='bbox 508 4388 559 4444; x_wconf 87' lang='lat' dir='ltr'>Ed.</span> <span class='ocrx_word' id='word_1_223' title='bbox 577 4389 701 4445; x_wconf 85' lang='lat' dir='ltr'>Laurent</span> <span class='ocrx_word' id='word_1_224' title='bbox 713 4388 845 4456; x_wconf 81' lang='lat' dir='ltr'>sanutus,</span> <span class='ocrx_word' id='word_1_225' title='bbox 863 4389 885 4453; x_wconf 88' lang='lat' dir='ltr'>I,</span> <span class='ocrx_word' id='word_1_226' title='bbox 902 4403 931 4458; x_wconf 90' lang='lat' dir='ltr'>p.</span> <span class='ocrx_word' id='word_1_227' title='bbox 946 4388 992 4446; x_wconf 80' lang='lat' dir='ltr'>ll.</span> <span class='ocrx_word' id='word_1_228' title='bbox 1004 4389 1100 4444; x_wconf 69' lang='lat' dir='ltr'>toturn</span> <span class='ocrx_word' id='word_1_229' title='bbox 1111 4385 1328 4456; x_wconf 79' lang='lat' dir='ltr'>quoquelegere</span> <span class='ocrx_word' id='word_1_230' title='bbox 1427 4371 1429 4376; x_wconf 64' lang='grc'>’</span> 
     </span>
    </p>
   </div>
   <div class='ocr_carea' id='block_1_5' title="bbox 286 4467 1280 4538">
    <p class='ocr_par' dir='ltr' id='par_1_6' title="bbox 286 4467 1280 4538">
     <span class='ocr_line' id='line_1_32' title="bbox 286 4467 1280 4538; baseline -0.003 -14"><span class='ocrx_word' id='word_1_231' title='bbox 286 4471 329 4524; x_wconf 87' lang='lat' dir='ltr'>ost</span> <span class='ocrx_word' id='word_1_232' title='bbox 340 4467 541 4538; x_wconf 83' lang='lat' dir='ltr'>Epistolauiad</span> <span class='ocrx_word' id='word_1_233' title='bbox 552 4469 738 4525; x_wconf 83' lang='lat' dir='ltr'>Maritiacurn.</span> <span class='ocrx_word' id='word_1_234' title='bbox 757 4471 795 4525; x_wconf 84' lang='lat' dir='ltr'>De</span> <span class='ocrx_word' id='word_1_235' title='bbox 807 4483 903 4524; x_wconf 81' lang='lat' dir='ltr'>amore</span> <span class='ocrx_word' id='word_1_236' title='bbox 917 4469 1018 4535; x_wconf 82' lang='lat' dir='ltr'>edicta,</span> <span class='ocrx_word' id='word_1_237' title='bbox 1035 4469 1057 4535; x_wconf 86' lang='lat' dir='ltr'>l,</span> <span class='ocrx_word' id='word_1_238' title='bbox 1075 4467 1147 4538; x_wconf 88' lang='lat' dir='ltr'>p.78</span> <span class='ocrx_word' id='word_1_239' title='bbox 1160 4479 1220 4536; x_wconf 84' lang='lat' dir='ltr'>sqq.</span> <span class='ocrx_word' id='word_1_240' title='bbox 1278 4472 1280 4474; x_wconf 80' lang='grc'><strong>’</strong></span> 
     </span>
    </p>
   </div>
   <div class='ocr_carea' id='block_1_6' title="bbox 0 0 1883 5828">
    <p class='ocr_par' dir='ltr' id='par_1_7' title="bbox 0 0 1883 5828">
     <span class='ocr_line' id='line_1_33' title="bbox 0 0 1883 5828; baseline 0 0"><span class='ocrx_word' id='word_1_241' title='bbox 0 0 1883 5828; x_wconf 95' lang='lat' dir='ltr'> </span> 
     </span>
    </p>
   </div>
  </div>
 </body>
</html>
