3718 5836
631 751 885 856 ſj-rr--
1007 803 1010 806 -

174 947 177 956 ·
265 915 441 992 attentius
478 915 703 1014 disquisivit,
750 919 924 1016 quoniam
967 945 1010 997 ea
1050 928 1309 1004 tantummodo

153 1089 157 1096 -
244 1041 430 1138 respexit
456 1067 537 1150 quae
567 1043 694 1118 Cicero
723 1047 789 1117 Pro
807 1050 974 1134 Quinctio,
996 1051 1066 1120 Pro
1087 1029 1215 1140 doscioss
1242 1058 1309 1128 Pru

269 1172 413 1260 Carina,
432 1153 499 1242 Pro
516 1171 624 1242 Tullio
640 1169 746 1244 dixit.
772 1171 951 1268 Denique,
987 1197 1094 1272 poene
1124 1184 1313 1272 recenter-‚⁸¹
1375 1261 1378 1268 .

162 1369 165 1376 ,
266 1285 1313 1400 duoauctorcsRomanorumprivatainstitutaexponere
1410 1325 1413 1332 ’

193 1407 195 1412 ’
267 1423 503 1494 tentaverunt
518 1421 582 1518 (ll,
605 1421 703 1518 apud
722 1443 815 1517 quos
831 1427 977 1520 quaque
997 1422 1035 1496 in
1050 1425 1183 1522 pagina
1196 1428 1308 1526 prisci

266 1547 359 1622 iuris
383 1555 565 1648 praecepta
599 1571 683 1623 cum
708 1549 890 1646 excerptis
934 1537 1143 1648 principum
1180 1553 1304 1630 latina

266 1677 401 1774 linguae
417 1677 639 1774 scriptorum
666 1677 759 1751 locis
788 1674 994 1776 iisdemque
1020 1668 1307 1761 accommodatis

267 1803 461 1878 coniuncta
493 1802 749 1900 producuntur
785 1825 795 1875 ι
830 1809 867 1876 at
903 1827 970 1899 ego
991 1828 1124 1904 neque
1157 1805 1308 1884 laudare

267 1927 719 2030 nequereprchendereid
733 1927 954 2025 opusculum
969 1930 1081 2005 velim
1109 1933 1213 2008 cuius
1228 1934 1308 2031 ipse
1388 1925 1391 1936 ’
1413 1917 1415 1924 ’

267 2076 352 2151 pars
373 2052 555 2144 nonnulla
583 2044 686 2126 luis
748 2086 753 2101 ·

315 2180 421 2268 Quod
441 2183 581 2275 spectat
616 2178 663 2284 ad
697 2177 763 2251 has
783 2179 931 2254 chartas
964 2205 1045 2276 qum
1065 2183 1181 2270 hicet
1211 2209 1308 2262 nunc

271 2305 523 2404 proferuntur,
543 2305 665 2377 minus
682 2301 755 2377 late
771 2303 909 2400 patebit
926 2329 1018 2403 opus
1035 2291 1144 2403 quam
1160 2310 1243 2382 libri
1265 2311 1309 2384 de

102 2498 105 2502 .
134 2458 137 2464 ·
195 2507 198 2513 ,
235 2428 241 2438 ’
267 2430 400 2529 quibus
420 2428 713 2528 supradictum:
735 2431 864 2502 eodem
896 2437 932 2504 et
950 2421 1092 2506 'multo'
1119 2435 1310 2530 angustior

190 2601 195 2605 -
259 2556 582 2662 (circumscribitur
596 2554 765 2629 materia.
782 2553 908 2652 Neque
927 2557 1025 2631 enim
1039 2583 1137 2640 nunc
1148 2563 1308 2659 pruden-

266 2683 367 2758 tibus
405 2682 444 2756 in
476 2679 700 2769 subsidium,
732 2681 952 2777 quantulum
984 2683 1022 2758 id
1051 2672 1210 2781 cumque
1237 2695 1305 2776 est,

120 2849 166 2888 a
267 2808 460 2883 uenimus:
484 2813 557 2904 quo
578 2805 619 2880 fit
642 2807 766 2880 uthoc
789 2807 886 2883 inter
902 2813 938 2884 et
953 2806 1104 2884 illorum
1121 2811 1333 2909 inceptum·
1409 2851 1412 2857 Α

209 2951 217 2960 ··
267 2931 606 3009 multum'intersit.
627 2931 794 3004 Proiecto
811 2931 973 3007 litterata
986 2933 1310 3030 dissertatiuncula

267 3060 326 3132 hic
353 3059 519 3155 ananus,
541 3057 716 3168 quanibil
732 3056 833 3132 aliud
853 3059 1117 3156 praetendimus
1143 3086 1252 3157 quam
1271 3071 1308 3138 ul

269 3183 1309 3263 nuncinlasci'culumcontextosvariicolorissedodoris

263 3311 434 3405 ¹eiusdem
449 3311 560 3384 flores
577 3308 811 3406 colligamus·
826 3333 917 3406 quas
934 3312 1202 3406 unnsquisque,
1221 3313 1308 3385 dum

271 3433 469 3533 scriptores
491 3432 554 3506 lat
528 3438 628 3506 tmos
648 3430 942 3530 perambularet,
956 3432 1099 3508 obiter
1090 3434 1256 3507 invenire
1276 3444 1311 3510 et

269 3559 425 3656 seligere
445 3558 619 3656 potuerit.
642 3553 788 3631 Scilicet
807 3557 866 3632 hic
888 3581 987 3632 mere
1023 3583 1065 3633 ac
1092 3559 1310 3658 simpliciter

191 3769 195 3776 ‚
234 3687 237 3692 ’
267 3685 570 3782 agiturdelocctia'
570 3711 605 3757 s
556 3687 764 3759 marianis.

317 3812 471 3929 Verum,
493 3811 581 3907 quid
600 3810 648 3892 sit
666 3811 775 3907 quod
779 3810 954 3911 iuridicas
975 3811 1124 3886 facetias
1145 3767 1306 3909 appello,
1317 3865 1320 3872 ,

268 3925 420 4036 praecise
440 3937 614 4010 definiam
629 3942 785 4034 oportet
803 3937 1134 4028 Quemadmodum,
1149 3937 1310 4010 siauctio
1335 3979 1338 3986 ι

215 4089 218 4098 ·
269 4064 347 4158 fiat,
365 4062 522 4160 emptori
542 4061 713 4136 venditor
728 4060 984 4146 auctoritatem
1007 4067 1182 4158 praestare
1203 4063 1311 4136 debet

270 4193 307 4264 et
325 4189 423 4263 veris
441 4187 641 4284 dictisssrem
657 4187 918 4262 commendare
934 4195 970 4261 et
983 4187 1014 4263 si
1030 4185 1118 4286 quid
1135 4186 1310 4260 vitiosum
1334 4207 1339 4280 j

304 4419 341 4493 ll)
354 4420 389 4475 G
405 4419 470 4488 May
493 4423 522 4475 et
534 4419 569 4476 H
586 4419 704 4487 Becker,
719 4418 814 4476 Prc'cis
827 4419 874 4475 des
888 4419 1071 4476 Institutione
1090 4419 1128 4474 da
1141 4419 1218 4476 droit
1230 4418 1314 4488 priua

267 4500 404 4568 chomc,
418 4497 557 4555 destino
548 4514 563 4553 a
587 4463 781 4572 l'explibation
796 4500 845 4556 des
858 4505 975 4559 auteurs
990 4500 1083 4569 latins,
1100 4499 1188 4567 Paris
1209 4499 1308 4555 Lamse

239 4613 242 4618 ,
266 4542 416 4651 climaci,
431 4573 531 4648 1892,Ι
523 4593 569 4634 m·
573 4579 616 4635 ln
