3718 5836
753 1430 798 1552 ui

363 1716 368 1728 “
434 1735 481 1784 nu
496 1734 581 1784 lune
599 1733 694 1785 neue
710 1734 884 1786 enuuruu
906 1705 1108 1786 nxouesus.

244 2078 250 2084 ,.
299 2019 415 2101 Litem
437 2019 555 2114 primo
570 2011 871 2093 circumscribere
886 2043 1005 2115 opere
1035 2013 1193 2115 pretium
1215 2027 1287 2096 est.

300 2142 467 2217 Profecto
483 2149 602 2218 certos
624 2145 803 2240 quosdam
819 2145 917 2240 opud
940 2144 1110 2218 Plautum
1135 2145 1235 2217 locos
1250 2145 1289 2219 in

248 2269 542 2350 controversiam
568 2269 700 2342 adduci
724 2293 796 2342 non
819 2293 927 2364 posse
955 2269 1190 2344 manifestum
1218 2249 1286 2357 esi,

199 2414 203 2420 ·
248 2417 408 2490 quorum
425 2391 517 2466 alios
536 2395 581 2466 ad
609 2391 788 2478 Graecum,
816 2394 908 2466 alios
928 2395 974 2466 ud
998 2397 1202 2467 Romanum
1219 2395 1286 2469 ius

249 2520 433 2615 pertinere
476 2542 584 2593 nemo
615 2519 761 2613 estqui
798 2518 957 2591 dubiret:
987 2542 1006 2591 e
1040 2517 1172 2618 quibus
1196 2543 1287 2594 non-

247 2642 385 2734 nullos
408 2649 505 2730 note,
521 2651 561 2716 ut
580 2642 630 2714 iio
648 2642 921 2732 dicem‚‚Graecc
941 2642 1118 2738 signatos
1151 2644 1286 2718 doctis·

248 2767 365 2842 simus
396 2768 464 2852 vir,
498 2767 715 2864 liudolphus
747 2769 911 2853 Dereste,
948 2767 1156 2840 Graecorum
1191 2768 1282 2842 iuris

243 2893 504 2988 sagacissimus
523 2900 558 2966 ei
585 2887 824 2988 gravissimus
853 2891 1048 2988 interpres
1083 2892 1283 2990 inscripto
1395 2981 1397 2984 Ι

89 3045 93 3050 ·
138 3073 142 3076 -
243 3041 353 3115 supro
380 3025 583 3092 memorato
610 3018 793 3113 excerpsit
831 3011 1109 3105 11111115111111,Α
1137 3019 1282 3102 nullum

170 3133 178 3154 '
242 3147 366 3216 tomen
387 3143 628 3239 insigniorem
646 3167 755 3240 quom
783 3144 881 3215 hunc
902 3143 979 3238 qui,
1000 3149 1044 3214 eii
1061 3146 1199 3235 Epidico
1219 3145 1281 3216 de-

241 3277 449 3366 promptus
466 3269 541 3352 iere
560 3269 659 3341 solus
679 3267 973 3364 adprobandum
995 3291 1148 3362 prorsus
1168 3269 1277 3342 velet.

192 3429 194 3436 v
238 3395 378 3496 Nempe
396 3394 584 3478 inducitur
599 3417 710 3466 senex
726 3393 966 3488 Periphanes,
985 3392 1062 3487 qui,
1085 3400 1279 3488 postquam

239 3519 309 3594 sibi
326 3525 486 3618 emptam
502 3541 584 3592 esse
605 3517 792 3593 fidicinam
815 3517 979 3591 nerronii
992 3517 1144 3614 Epidico
1168 3517 1279 3588 fidem

236 3645 378 3734 habuit,
401 3669 483 3718 eum
504 3645 639 3740 rogitat
666 3667 755 3718 num
775 3666 818 3716 eo
839 3643 920 3738 ipso
941 3641 999 3714 die
1027 3666 1048 3714 a
1068 3641 1201 3716 lenone
1231 3642 1280 3714 sit

238 3777 375 3867 empta.
398 3771 445 3848 nt
464 3770 529 3842 ille
546 3769 566 3842 ε’

227 4007 232 4013 ,
318 3937 383 4034 Ego
394 3954 501 4036 istunc
513 3955 678 4015 homiuem
691 3971 857 4034 nunquam
867 3953 978 4014 audivi
991 3958 1066 4013 ante
1081 3953 1167 4013 huno
1178 3952 1276 4025 diem,

226 4115 228 4120 .
315 4055 426 4132 Neque
439 4073 489 4115 me
503 4053 635 4132 quidem
648 4071 755 4114 emere
769 4053 942 4130 quisquam
957 4052 1023 4112 ullu
1038 4051 1176 4128 pecunia

315 4153 440 4213 Potuit:
454 4153 528 4231 plus
543 4153 607 4214 iam
621 4169 693 4238 sum
707 4151 810 4211 libera
825 4150 1096 4228 quinquennium.

492 4263 494 4271 ’
896 4245 1192 4328 ἸΕρίάαέιιε,4“ἰξ’1.
1300 4255 1302 4260 ·

265 4446 462 4534 'Quidsibi
483 4447 563 4522 vult
578 4446 676 4520 istud
699 4444 1024 4542 quinquennium?
1045 4443 1149 4526 cuius
1170 4443 1274 4518 nulla
1305 4443 1307 4446 ’

234 4573 330 4668 apud
353 4570 529 4646 romanos
550 4571 835 4646 iurisconsultus
858 4569 1009 4659 mentio,
1033 4591 1116 4642 cum
1148 4575 1275 4658 contra
1371 4555 1373 4562 ’
