3718 5836
723 713 841 831 493
868 801 916 814 ..

304 911 358 986 Ad
373 935 481 1007 quem
498 910 736 986 doctissimus
754 911 977 998 causidicus
1001 893 1149 983 easdem
1170 916 1342 1007 'expertus

295 1036 477 1126 chordas,
493 1034 762 1134 respondebat:
816 1013 837 1064 ‚¹

344 1216 440 1277 Cuius
457 1214 576 1296 (Attici)
595 1216 748 1294 quoniam
772 1213 941 1298 propri-um
960 1219 992 1276 te
1021 1209 1094 1277 esse
1121 1215 1237 1277 scribis
1257 1225 1345 1276 moa-

306 1315 388 1397 cipio
403 1321 432 1376 et
454 1319 549 1385 ηοω,
569 1329 682 1374 meum
702 1317 811 1376 autem
833 1323 891 1373 asc
905 1321 935 1374 et
958 1313 1078 1394 [ructu3
1096 1318 1268 1378 contentus
1280 1314 1344 1400 isto

305 1431 388 1476 sum.
410 1412 446 1472 td
461 1413 547 1473 e'nim
563 1417 613 1474 est
627 1413 785 1494 cuiusque
798 1411 967 1493 proprium
983 1431 1047 1491 quo
1062 1411 1202 1491 quisque
1222 1412 1346 1492 fruitur

303 1509 530 1591 atqueutitur.
1377 1499 1380 1502 ’

466 1603 469 1608 ’
850 1609 864 1672 ,’
954 1606 1016 1669 Aa
1036 1605 1262 1678 Fam.v11,30.
1297 1671 1303 1680 .

304 1795 460 1872 Uberius
486 1794 598 1868 etiam
625 1761 693 1869 uec
717 1795 842 1869 minus
864 1796 980 1869 facete
1011 1795 1174 1871 decurrit
1206 1773 1272 1870 ilie
1303 1792 1343 1869 in

304 1919 400 1994 libro
430 1925 476 1992 De
486 1923 627 1992 Oratore
645 1919 750 1993 loeus
769 1919 832 1994 ubi
852 1918 1016 1996 Scaevola
1035 1909 1205 2017 praetoris
1225 1920 1340 2002 inter·

305 2043 1339 2166 dictumudphiiosophorumcontroversiamaequiparat.

342 2228 436 2301 ‘Quod
449 2243 525 2289 vero
538 2228 571 2287 iu
584 2229 895 2302 extremaoratione‚
911 2229 1006 2308 quasi
1018 2236 1069 2290 tuo
1081 2228 1150 2290 iure
1160 2227 1339 2307 sumpsisti,

304 2332 466 2390 oratorem
491 2326 525 2385 in
554 2325 661 2388 omnis
689 2308 848 2386 seimonis
875 2327 1096 2405 disputatione
1119 2327 1340 2406 copiosissime

204 2443 206 2452 ’
302 2443 399 2504 posse
418 2423 553 2498 versari,
564 2422 615 2498 id,
629 2423 693 2487 uisi
708 2423 761 2486 hic
774 2425 811 2484 in*
830 2431 886 2486 tuo
901 2442 1001 2505 reguo
1025 2441 1183 2497 essemus,
1208 2442 1273 2484 nou
1290 2430 1340 2496 tu-

199 2569 201 2580 ,
301 2522 413 2584 iissem
434 2521 610 2601 multisque
625 2535 810 2600 praeessem,
828 2523 883 2602 qui
897 2521 1131 2583 autioterdicto
1158 2527 1254 2583 tecum
1269 2507 1350 2583 coa·-¹

191 2673 194 2678 .
305 2618 473 2695 tenderent,
490 2624 547 2680 aut
559 2624 590 2680 te
603 2637 641 2680 ecc
654 2619 723 2679 iare
737 2617 1016 2681 monetariorum
1035 2603 1188 2683 uocarent,
1203 2621 1290 2704 quod
1305 2620 1338 2681 iri

303 2717 421 2779 olieaos
438 2717 647 2799 possessiones
668 2722 734 2778 tam
750 2723 871 2780 temere
887 2720 1084 2780 irruisses..
1102 2717 1238 2798 Aperent
1254 2721 1352 2780 enim·

247 2887 249 2894 ,
303 2813 646 2896 tecumtepeprimum
668 2811 862 2896 Pythagorei
882 2817 1339 2896 omnesatqueltemocritici,
1433 2847 1436 2852 ·

303 2915 479 2993 ceterique,
508 2913 540 2973 in
578 2929 797 2990 sucgerere,
835 2912 962 2994 physici
990 2911 1195 2987 vindicarent,
1233 2917 1338 2978 ornati
1371 2959 1374 2969 .

302 3013 451 3084 homines
465 3004 499 3072 iu
515 3009 652 3071 dicendo
666 3015 697 3072 et
710 3029 837 3090 graves,
854 3012 1049 3091 quibuscum
1060 3011 1119 3072 tibi
1135 2995 1216 3072 iusto
1235 3030 1343 3074 sucro-⁴

300 3115 403 3170 mento
415 3107 597 3170 contendere
607 3125 672 3173 nou
687 3107 849 3187 liceret...
863 3110 902 3170 Et
912 3127 984 3172 cum
994 3093 1135 3171 uui'v'ersi
1147 3110 1180 3169 in
1191 3118 1222 3170 te
1232 3109 1339 3189 impe-

217 3207 219 3214 ‘
301 3215 369 3286 tum
390 3208 555 3284 fecissent,
570 3205 785 3287 tumsingulao
800 3207 930 3270 familiae
945 3206 1030 3270 litem
1046 3193 1105 3268 tibi
1116 3207 1335 3272 intenderent.

1005 3303 1051 3366 De
1065 3303 1153 3366 Orat.
1170 3319 1191 3381 ι,
1205 3307 1255 3367 te.

346 3497 420 3570 Nec
440 3494 543 3568 satis.
564 3495 617 3568 Ne
651 3494 773 3591 poesis
788 3494 937 3590 quidem
957 3493 1065 3592 longe
1096 3495 1142 3567 ab
1163 3518 1202 3567 se
1222 3495 1352 3594 conti-¹

300 3621 430 3693 ouatas
440 3619 527 3694 illos
542 3619 806 3694 similitudines
825 3618 944 3692 reiicit
956 3643 1047 3715 quas
1061 3643 1105 3692 ex
1117 3642 1180 3694 ore
1193 3619 1337 3720 poetico

256 3803 261 3812 .
299 3741 529 3818 essuudi³vix
556 3743 742 3816 crederes.
777 3743 1001 3816 EcceMusae
1034 3740 1183 3814 Themis
1216 3747 1335 3815 totum

300 3867 651 3966 epigrammadictat
675 3892 683 3941 :

459 4049 657 4112 Commendo
674 4048 741 4123 tibi,
754 4048 938 4124 Quintiane‚
953 4052 1082 4110 nostros
1097 4080 1135 4090 —

458 4154 588 4217 Nostros
603 4154 743 4216 dioecesi
762 4162 870 4217 tamen
885 4154 1011 4216 libellos

460 4257 608 4327 Possum,
621 4255 828 4351 quosrecitat
839 4257 916 4314 tuus
930 4257 1027 4331 poeta
1040 4252 1081 4333 (t)
1098 4286 1138 4295 —
1153 4270 1160 4311 ε
1250 4343 1253 4349 ἡ

359 4411 362 4416 ,
457 4353 492 4432 Si
514 4353 553 4432 de
569 4353 701 4414 servitio
714 4353 805 4432 gravi
820 4357 1014 4442 queruntur,
1042 4415 1047 4421 ,

334 4558 376 4630 tt)
390 4559 593 4626 Nomentanus,
613 4556 662 4630 qui
678 4557 814 4615 Martialis
826 4571 928 4615 versus
940 4553 1014 4612 male
1027 4553 1173 4612 recitabat.
1248 4538 1250 4544 ’
1286 4537 1290 4590 ἒ
