3718 5836
669 681 865 752 ...93-

241 831 425 905 minorem
438 829 476 902 in
495 827 542 902 iis
553 853 661 904 usum
675 830 895 922 iurisluisse
908 833 1150 932 reperiemus,
1167 857 1279 930 quan·
1297 914 1299 918 y

243 951 443 1052 dbq'uidem
466 955 563 1051 apud
582 955 745 1031 Gellium
767 957 925 1055 legimus
949 982 957 1032 :
983 987 1001 1031 r
1022 961 1063 1033 ln
1079 959 1201 1033 medio
1221 983 1282 1033 re·

244 1105 326 1156 rum
350 1087 383 1154 et
408 1079 600 1155 hominum
617 1081 730 1155 vitam
751 1083 814 1179 qui
842 1083 982 1174 colunt,
1009 1086 1180 1182 ignorare
1207 1107 1282 1159 non

246 1211 392 1304 oportet
404 1197 518 1280 rerba
532 1205 720 1281 actionum
750 1207 913 1284 civilium
938 1209 1143 1284 celebriora
1174 1209 1281 1308 (1).»

246 1333 388 1428 ltaque,
409 1331 632 1428 quicumque
650 1331 765 1407 latina
777 1333 905 1431 lingua
921 1336 1027 1409 docte
1045 1339 1080 1409 et
1093 1334 1284 1431 ingeniose

246 1457 303 1533 usi
328 1462 429 1548 sunt,
459 1458 520 1531 alii
551 1457 674 1534 soluto
699 1482 885 1558 sermone,
907 1459 971 1536 alii
1014 1460 1192 1536 numeris
1217 1461 1308 1556 adr

249 1565 390 1674 stricto,
406 1578 444 1654 hi
460 1581 642 1680 privatam
656 1581 769 1657 uitam
780 1585 969 1682 degentes,
993 1583 1049 1658 illi
1065 1616 1081 1654 α
1095 1583 1225 1682 agiles,
1247 1588 1286 1660 ut

150 1725 153 1729 ·
249 1705 301 1780 ait
326 1705 491 1796 FlaccuS,
514 1710 549 1782 et
570 1705 684 1781 mersi
703 1707 876 1784 civilibus
904 1709 1013 1784 undis
1034 1737 1071 1808 va,
1093 1709 1132 1783 in
1157 1707 1289 1784 mediis

250 1831 534 1918 veteratoribus
551 1831 762 1923 causidicis,
781 1833 966 1909 iudicibus
988 1843 1024 1908 et
1040 1833 1289 1930 litigatoribus
1300 1873 1306 1940 3

251 1957 386 2030 uersati
418 1961 505 2030 sunt
539 1961 587 2046 et,
625 1979 690 2030 seu
727 1957 940 2048 voluerunt,
971 1981 1035 2032 seu
1072 1959 1303 2048 noluerunt,

251 2080 398 2156 forense
436 2078 626 2176 eloquium
655 2079 808 2155 auribus
840 2087 876 2156 et
916 2085 1038 2155 mente
1073 2083 1289 2170 hauserunt,

252 2229 409 2302 cumque
442 2203 623 2301 negotiosi
650 2205 778 2303 populi
807 2207 961 2303 gratiam
996 2211 1200 2304 captarent,
1232 2212 1290 2279 to·

253 2335 329 2406 tam
348 2337 466 2405 artem
502 2328 541 2402 in
573 2329 643 2402 hoc
676 2337 892 2425 posuerunt,
935 2338 975 2405 ut
1025 2331 1201 2404 vocabula
1244 2328 1290 2402 ad

253 2455 487 2553 negotiorum
512 2477 621 2528 usum
650 2453 813 2543 inventa,
849 2479 922 2530 non
943 2462 1189 2549 removerent,
1226 2453 1292 2528 sed
1370 2513 1372 2518 .

254 2579 529 2658 honestioribus
576 2579 686 2654 rebus
733 2580 903 2655 sollerter
953 2581 1291 2655 accommodarent.

254 2705 308 2779 Ne
343 2703 464 2803 plura,
518 2703 673 2800 quilibet
704 2704 842 2781 latinus
887 2704 1058 2804 scriptor,
1102 2729 1186 2780 curn
1213 2727 1291 2793 eos,

257 2831 477 2928 quibuscum
501 2853 579 2903 rem
606 2829 732 2919 habet,
755 2831 969 2929 alloquitur,
1003 2857 1042 2907 se
1070 2832 1108 2906 in
1142 2829 1293 2918 iudicia,

139 3045 144 3053 Ι
255 2955 518 3050 circumstante
538 2953 766 3050 litigatorum
784 2957 905 3046 turba,
927 2957 1058 3032 adesse
1076 2978 1296 3055 persuasum

255 3081 379 3170 habet,
420 3078 515 3154 sicut
545 3079 738 3170 Martialis,
768 3081 928 3178 epistola
946 3106 966 3156 e
986 3081 1111 3156 Bilbili
1141 3080 1293 3178 scripta,

200 3293 202 3298 ¹
256 3205 295 3280 in
307 3203 489 3302 principio
509 3203 595 3277 libri
611 3203 820 3280 duodecimi
836 3207 1001 3281 inserta:
1019 3236 1037 3279 c
1055 3207 1194 3282 Videor
1205 3206 1297 3280 mihi
1324 3253 1326 3258 -

256 3331 296 3404 in
316 3330 439 3404 alieno
459 3329 539 3403 toro
565 3328 724 3424 litigare.
750 3359 767 3396 o
895 3405 899 3413 ,

305 3456 398 3530 Hinc
420 3477 507 3550 ergo
533 3453 702 3557 sequitur
729 3461 928 3543 RomanoS,
963 3445 1197 3532 illustrandae
1216 3480 1297 3530 ora·

256 3579 369 3655 tionis
389 3603 513 3666 causa,
535 3578 580 3652 ab
600 3577 680 3652 iure
707 3580 974 3655 audacissimus
998 3605 1123 3658 rerum
1144 3589 1180 3656 et
1211 3607 1296 3670 vere

256 3707 388 3782 borum
418 3703 680 3802 translationes
711 3712 748 3779 et
772 3706 1039 3782 urbanissimos
1078 3709 1179 3781 iocos
1221 3731 1296 3781 non

258 3837 383 3939 petere
395 3854 469 3904 non
483 3828 661 3926 potuisse.
675 3829 951 3906 Translationes
965 3839 1087 3907 autem
1101 3832 1210 3909 easin
1224 3833 1297 3928 pri·

259 3957 330 4032 mis
344 3953 675 4053 prosequebantur,
691 3979 784 4050 quae,
799 3979 820 4030 a
835 3955 969 4032 Graecis
982 3968 1161 4066 μεταφοραί
1176 3943 1296 4045 dictae,

260 4106 304 4156 ex
323 4079 569 4154 similitudine
584 4079 783 4162 ducuntur,
807 4088 842 4153 et
862 4081 945 4154 ideo
961 4083 1121 4154 maxime
1138 4081 1297 4178 placent,
1378 4166 1381 4176 ¹

263 4235 279 4276 c
302 4206 402 4302 quod
423 4204 528 4302 isqui
545 4205 647 4277 audit
666 4204 739 4278 alio
760 4207 908 4278 ducitur
932 4208 1162 4302 cogitatione,
1182 4230 1300 4303 neque

301 4457 339 4528 (t)
351 4455 431 4514 Noct.
449 4455 510 4511 Au.
527 4467 578 4520 xx,
597 4452 642 4509 10.
