3718 5836
966 745 1162 814 ...84-

540 919 620 992 quae
637 892 742 990 nihil,
758 891 860 986 alind
881 863 1065 965 suntnisi
1082 879 1276 991 'popularis
1296 891 1463 990 quaedam
1485 886 1576 962 scri·

539 1013 652 1094 bendi
672 1007 801 1105 lorma'3
818 1034 902 1114 qua,
918 1018 1015 1114 quod
1032 1017 1114 1114 quis
1127 1018 1386 1092 demonstrare·
1404 1005 1575 1099 intendit,

540 1145 677 1219 clarius
691 1141 849 1217 allicitur
867 1153 903 1216 et
918 1143 1136 1240 migratione
1152 1143 1349 1218 verborum
1363 1141 1401 1214 in
1416 1139 1577 1214 alienum

543 1267 773 1364 domicilium
794 1267 910 1340 menti
926 1267 1123 1342 iucundius
1141 1293 1149 1356 ;
1171 1291 1250 1358 nec,
1275 1267 1352 1340 sive
1372 1265 1492 1364 placet
1517 1263 1581 1336 aut

542 1393 725 1492 displicet,
747 1393 824 1468 sive
844 1393 937 1468 bene
955 1398 1017 1466 aut
1031 1391 1127 1466 male
1146 1418 1229 1469 cum
1262 1394 1371 1467 rebus
1391 1387 1577 1475 convenit,

542 1518 886 1594 cumadmiratione
907 1519 1106 1614 legentium
1128 1523 1341 1614 usurpatur.

592 1647 773 1718 Praeterea
790 1643 901 1716 modo
919 1643 1106 1717 translatis
1127 1643 1250 1718 verbis
1269 1651 1306 1718 et
1322 1644 1445 1731 rebus,
1471 1635 1582 1712 modo

544 1768 681 1866 apertis
726 1766 817 1840 iocis
846 1767 892 1840 ad
931 1769 1135 1842 ornandam
1169 1769 1375 1842 orationem
1422 1765 1581 1839 multum

544 1893 750 1967 confortet
783 1891 829 1964 ab
860 1891 962 1965 nullo
983 1873 1358 1990 litterarumgencre
1392 1891 1578 1970 abhorret,

544 2039 627 2092 cum
665 2017 763 2112 apud
789 2015 1051 2112 cuiuscumque
1089 2019 1207 2092 aetatis
1226 2023 1408 2106 auctores,
1440 2012 1582 2088 aani·

544 2141 596 2216 lio
617 2142 670 2238 (l)
688 2140 866 2236 usquead
885 2139 1044 2214 Plinium
1064 2143 1245 2218 Minorem
1259 2148 1442 2230 occurrat,
1463 2161 1582 2236 neque

545 2255 663 2360 magis
692 2288 713 2335 a
733 2285 903 2336 sermone
922 2289 1031 2359 quam
1053 2265 1265 2356 acarmine,
1285 2267 1401 2364 olyra
1413 2288 1523 2364 quam
1538 2263 1582 2336 ab

547 2387 718 2485 epistola,
736 2411 757 2459 a
776 2389 953 2482 tragmdia
971 2413 1080 2484 quam
1097 2393 1243 2465 asatira
1265 2391 1386 2464 aliena
1401 2389 1580 2462 videatur.

498 2571 501 2578 .
550 2514 630 2586 Non
651 2512 749 2608 quod
777 2513 948 2587 omnibns
978 2539 1081 2610 aequc
1118 2521 1266 2614 accepta
1286 2517 1360 2603 sit3
1390 2539 1476 2588 nam
1496 2511 1585 2586 certi

550 2637 701 2731 quidam
740 2636 939 2733 scriptores
976 2639 1022 2710 ad
1052 2639 1149 2711 huno
1170 2639 1271 2712 aliud
1302 2639 1463 2726 dicendi,
1485 2634 1585 2710 aliud

549 2756 782 2856 significandi
822 2761 972 2833 modum
1026 2764 1280 2858 usurpandum
1324 2759 1586 2860 propensiores
1639 2777 1645 2787 ’

549 2891 648 2974 sunt,
671 2884 852 2980 inprimis
873 2885 1026 2959 Plautus
1059 2893 1093 2959 et
1118 2887 1294 2980 Flaccus;
1324 2890 1389 2963 sed
1422 2885 1585 2960 Tullium

550 3008 710 3080 maxime
722 3009 760 3080 in
773 3007 838 3080 tali
858 3011 1150 3104 generedicendi
1169 3011 1340 3088 lascivire
1361 3016 1520 3087 constat.

598 3123 1011 3207 Nccmirum2etenim
1036 3135 1195 3226 Tullius,
1229 3138 1399 3234 quamvis
1426 3161 1500 3210 non
1540 3132 1588 3208 sit
1657 3167 1660 3172 ·

546 3259 700 3354 ,proprio
726 3263 762 3331 et
780 3282 934 3333 romano
954 3283 1065 3334 seusu
1085 3261 1177 3336 iuris
1197 3264 1404 3354 consultuS,
1434 3285 1588 3360 prm-scr·

549 3383 618 3456 tim
632 3383 663 3456 si
680 3383 772 3457 adP.
785 3383 945 3457 Mucium
959 3385 1159 3492 Scaevolaur
1171 3395 1207 3462 ct
1220 3389 1312 3462 alios
1331 3387 1411 3463 eius
1427 3387 1589 3484 aequalcs

549 3505 742 3603 respicias,
764 3507 829 3578 sed
844 3516 1021 3602 patronus
1036 3513 1179 3585 tantum
1193 3518 1230 3585 et
1245 3511 1395 3609 quidem
1418 3508 1590 3585 acerrimi

549 3630 703 3726 ingenii,
749 3630 917 3726 quamvis
955 3655 1143 3728 nunquam
1175 3659 1355 3733 responsa
1388 3633 1593 3708 reddiderit

550 3743 886 3850 neque'cautioncs
921 3741 1121 3850 scripserit,
1152 3764 1289 3848 tamen,
1328 3766 1368 3834 ut
1398 3765 1589 3856 patronus,

549 3878 679 3953 multis
690 3856 959 3972 einstcmporis
980 3881 1173 3955 causidicis
1193 3884 1413 3980 prudentior
1436 3883 1518 3970 luit,
1534 3883 1593 3956 in-

554 4003 785 4095 tellexitque,
809 3999 902 4072 siout
923 4025 965 4072 ex
983 4002 1099 4075 tribus
1119 4003 1164 4076 lle
1189 4010 1330 4080 Oratore
1354 4008 1462 4082 libris
1478 4012 1592 4104 patet,

553 4136 591 4198 ct
609 4124 811 4208 contendit,
840 4121 931 4194 iuris
959 4123 1075 4196 civilis
1108 4129 1302 4204 scientiam
1322 4132 1368 4204 ad
1389 4131 1595 4204 informan-
1640 4153 1646 4165 ·

554 4251 642 4322 dnm
664 4252 848 4319 oratorem
868 4269 948 4317 csse
964 4252 1210 4326 necessariam
1228 4279 1239 4344 ;
1263 4255 1456 4328 declarant
1484 4255 1596 4328 etiam

588 4503 626 4574 (l)
644 4503 685 4576 Ct
701 4458 764 4556 Gall
790 4501 872 4556 Nocl.
890 4501 950 4556 An.
967 4517 997 4570 11,
1010 4505 1057 4562 td.
