3718 5836
704 653 898 720 ...6)-

175 789 178 798 ⁴
276 779 349 873 non
364 799 485 874 liberi.
505 799 644 874 Liberae
662 807 786 874 autem
807 806 972 896 pe'rsonae
992 802 1263 892 congregantur
1273 797 1312 870 in
1358 787 1361 794 ’

276 947 337 998 eas
353 930 481 1020 gentes
498 949 578 1021 quae
590 925 720 1001 eodem
737 905 969 1017 subnomine
983 927 1135 1020 agnatos
1155 945 1328 998 eonneo-.

275 1043 367 1122 tant.
386 1051 479 1122 Turn
500 1059 627 1145 gentes
651 1056 686 1123 et
713 1048 869 1123 diversis
890 1047 1012 1125 causis
1028 1054 1253 1154 renovantur
1279 1052 1328 1124 et,
1427 1076 1429 1081 ·

255 1175 459 1294 'praecipue
479 1177 577 1276 iusto
604 1177 858 1274 integrasount
891 1173 1127 1247 matrimonio
1156 1175 1254 1270 quod
1276 1173 1338 1256 fit

278 1301 422 1373 liberum
432 1304 641 1395 quarendum
653 1301 781 1400 gratia,
796 1305 836 1374 ut
846 1299 896 1373 ait
906 1299 1046 1372 Ennius
1058 1300 1121 1396 (t),
1138 1303 1317 1372 liberorum

277 1429 542 1520 querendarum,
574 1425 677 1500 utait
692 1426 844 1500 Plautus
867 1424 936 1528 (2),
958 1425 1139 1518 puerorum
1159 1427 1330 1517 creomto-¹

278 1576 355 1628 ram
367 1575 491 1640 cause,
509 1555 549 1626 ut
563 1549 838 1660 dicitHoratius
860 1553 924 1646 (3).
1399 1641 1402 1646 Ι

327 1676 474 1760 locandi
499 1675 649 1773 quidem
665 1675 740 1750 fere
756 1675 859 1755 nulla
877 1673 937 1748 hie
956 1697 1047 1748 ansa
1060 1653 1182 1748 datur.
1213 1675 1318 1748 Atta-

280 1823 379 1890 men,
412 1801 511 1899 apud
540 1800 712 1875 Plautum
747 1799 843 1874 servi
868 1798 1019 1896 quidam
1051 1805 1114 1874 aut
1151 1799 1317 1896 parasiti,
1345 1815 1348 1821 ·

280 1926 450 2003 fictorum
471 1925 654 2001 maiorum
674 1923 959 2015 moribustrati,¹
979 1946 1018 1997 se
1037 1923 1117 1998 iure
1131 1949 1198 2000 suo
1215 1903 1332 2022 quasi
1355 2005 1359 2018 ,
1391 1965 1393 1972 ·

280 2075 405 2126 mures
419 2051 583 2127 alienum
600 2051 723 2127 cibum
744 2051 853 2124 edere
870 2051 923 2146 (4)
946 2054 1009 2122 aut
1023 2073 1169 2124 erucem
1186 2051 1331 2136 hahere.

281 2177 515 2276 sepolchrom
536 2178 585 2275 (5)
602 2175 887 2274 profitebuntur.
910 2174 1058 2248 Scilicet
1071 2175 1138 2265 illi,
1160 2177 1320 2250 Fustitu-

281 2300 369 2374 dina
399 2302 558 2396 quadarn
598 2307 661 2375 aot
700 2300 990 2408 Vaniloquidora
1014 2305 1121 2396 gente
1155 2301 1326 2390 oriundi,¹

283 2427 370 2500 dum
388 2431 546 2500 stemma
561 2426 700 2500 comice
716 2425 786 2500 sibi
802 2430 986 2529 arrogant,
1010 2425 1108 2500 ultra
1125 2428 1319 2524 septimam

287 2556 528 2648 cognatorum
554 2551 720 2626 sobolem
752 2551 879 2650 stirpis
916 2555 1104 2625 auctorem
1138 2559 1322 2648 repetunt,

285 2678 371 2754 novi
410 2678 578 2751 homines
608 2700 766 2772 quorum
802 2677 1041 2775 parasitando
1077 2676 1250 2752 vixerunt
1287 2689 1331 2754 et·

284 2803 493 2904 vapulando
512 2803 671 2878 emortui
688 2808 774 2880 sunt

365 2997 469 3072 Pater,
486 3015 578 3070 avos,
591 3013 743 3074 proavos,
758 2997 889 3078 abares,
905 3002 1029 3074 atavae,
1042 2997 1177 3060 tritavos
1192 2997 1249 3080 (6).

332 3209 537 3306 Agnatione
566 3215 688 3284 autem
726 3217 761 3285 et
790 3211 1005 3307 cognatione
1039 3212 1209 3286 homines
1240 3237 1323 3287 aum

285 3333 356 3408 diis
382 3333 555 3431 coniungi
575 3335 706 3410 asserit
722 3335 767 3433 (7)
781 3337 925 3411 Marcus
944 3336 1008 3412 ille
1023 3337 1197 3436 Arpinas,
1220 3339 1326 3422 cuius

285 3460 453 3558 regnavit
491 3460 640 3558 gentilis
679 3460 837 3552 Tullius,
874 3461 906 3535 si
940 3462 1075 3537 iocanti
1111 3462 1183 3559 ipsi
1214 3462 1326 3558 tidem

285 3585 374 3660 tacis
392 3584 452 3683 (8).

323 3869 595 3943 mamam.

321 3949 361 4022 (2)
378 3949 501 4020 Captivi,
516 3949 580 4008 822.

320 4029 359 4102 (3)
374 4029 479 4101 Epist,
496 4031 521 4099 1,
536 4031 566 4098 2,
579 4029 625 4088 44.

322 4107 358 4182 (4)
374 4111 471 4177 Persa,
486 4108 531 4167 54.

323 4190 361 4262 (5)
376 4189 439 4247 Mit.
457 4191 535 4246 Glor.
551 4189 614 4250 375.

323 4269 358 4341 (6)
376 4271 474 4337 Persa,
490 4270 534 4327 58.

324 4348 360 4419 (7)
374 4349 415 4404 De
433 4350 507 4420 Lep„
522 4350 546 4417 Ι,
567 4350 583 4405 7
596 4353 624 4406 et
637 4345 664 4402 8.

325 4427 363 4500 (8)
381 4429 514 4495 Tusc.,1,
531 4429 576 4487 46.
