3718 5836
953 737 1148 812 -70-

533 879 636 942 nostri
658 881 783 944 enimi..
790 885 944 963 Qpertes
936 903 1009 966 ipse
1028 886 1091 948 sibi
1107 884 1147 948 ad
1164 885 1345 948 utilitatem
1343 902 1444 948 suern
1458 882 1577 964 pigne-

532 985 670 1042 raretur.
758 1005 769 1040 .·

1175 1080 1239 1143 Cic.
1259 1078 1305 1140 De
1320 1078 1398 1161 rep.
1422 1096 1444 1152 1,
1452 1053 1518 1139 4

573 1200 699 1264 Etenim
710 1202 794 1264 llers
808 1204 878 1284 ipse
894 1221 934 1267 ex
946 1205 1014 1268 acie
1029 1205 1246 1268 fortissimum
1259 1221 1456 1284 quemquem
1463 1202 1578 1285 pigne-

533 1299 601 1358 rari
615 1298 713 1364 solet.

1100 1401 1165 1464 Cio.
1192 1397 1334 1485 Philipp.
1359 1417 1422 1476 xrs,
1442 1400 1492 1460 lt.

584 1586 777 1661 Acrrouns.
794 1587 926 1662 Omnis
944 1612 1025 1684 quae
1041 1587 1295 1684 superioribus
1313 1585 1459 1685 paginis
1477 1585 1577 1660 revi-

537 1710 654 1786 simus
685 1709 766 1786 iura
789 1711 835 1785 od
870 1713 1027 1787 nihilum
1048 1711 1214 1786 recident
1235 1711 1307 1786 uisi
1327 1709 1577 1810 prescriptio·

534 1836 644 1910 nibus
676 1835 759 1912 eliis
781 1835 872 1911 tulto
895 1838 969 1912 sint
998 1863 1078 1935 quae
1099 1841 1349 1936 repugnantes
1368 1837 1520 1912 vineant
1541 1838 1579 1906 et

533 1959 693 2034 iniustos
707 1951 807 2035 iuste
825 1962 861 2036 vi
876 1961 1075 2038 debellent.
1092 1963 1180 2036 lude
1208 1963 1386 2037 notiones.

581 2084 794 2180 Antiquitus
827 2086 1068 2162 constitutum
1093 2093 1150 2160 est
1172 2109 1302 2160 omnes
1316 2087 1484 2160 actiones
1502 2107 1578 2158 ma-

511 2241 513 2252 ·
533 2210 728 2306 gistratum
754 2211 874 2308 primo
904 2218 940 2285 et
960 2219 1088 2308 postea
1105 2213 1267 2286 iudicem
1288 2211 1437 2286 subire:
1462 2213 1516 2282 ins
1530 2223 1580 2282 est

533 2339 775 2430 iudiciumque,
792 2341 831 2411 ut
842 2335 891 2410 eit
907 2338 1079 2412 Horatius
1092 2337 1161 2436 (l).
1179 2338 1376 2432 Postquam
1394 2337 1578 2410 actionem

537 2435 674 2532 eertum
700 2461 847 2557 petitori
869 2469 1004 2558 prretor
1023 2461 1061 2534 in
1081 2462 1161 2559 iure
1177 2461 1374 2548 concessit,
1394 2465 1455 2534 sol
1469 2461 1583 2533 iudice

435 2639 438 2648 .
538 2587 581 2656 lis
613 2597 661 2656 est
689 2583 749 2682 (2).
769 2585 831 2659 Est
858 2593 977 2660 eutem
1013 2609 1096 2662 cum
1119 2587 1229 2661 iudex
1254 2591 1400 2681 arbiter,
1420 2585 1579 2659 dicitur:

541 2733 654 2805 quare
681 2709 711 2782 si
743 2710 1048 2808 philosophorum
1070 2711 1284 2786 doetrinae
1276 2735 1313 2784 rn
1343 2709 1584 2806 disceptatio-

543 2857 628 2908 nem
647 2825 831 2924 venerint,
861 2859 937 2908 rem
958 2836 1163 2912 Carneades
1184 2839 1342 2912 sortasse
1366 2835 1587 2911 diiudicabit

540 2953 564 3026 ἐι
585 2965 762 3070 tunquam
792 2961 1011 3034 honorarius
1037 2961 1205 3059 arbiter(
1211 2962 1244 3060 3)
1272 2993 1306 3035 ».
1327 2964 1485 3050 Interea,
1522 2959 1586 3056 qui

545 3083 769 3178 petitoriam
789 3109 865 3156 reos
891 3085 1045 3160 dicitur:
1071 3111 1143 3182 quo
1158 3088 1199 3160 fit
1214 3095 1269 3176 ut
1287 3087 1418 3183 siquis
1439 3083 1587 3160 numini

546 3212 631 3278 voto
663 3229 702 3278 se
720 3207 950 3302 obligaverit,
977 3234 1058 3284 cunr
1080 3235 1138 3286 res
1158 3213 1291 3286 devote
1316 3237 1338 3285 a
1361 3209 1455 3284 Deo
1470 3207 1588 3307 repeti
1654 3193 1658 3202 ’

546 3328 676 3427 possit,
692 3329 755 3402 ille
773 3353 859 3404 vere
875 3331 923 3404 sit

1030 3447 1215 3538 νο[ἰ’νθιιε.Ι
1347 3555 1352 3562 .
1422 3561 1427 3568 .

1167 3575 1272 3654 xVerg:
1285 3571 1368 3636 AEn.
1386 3593 1417 3649 v,
1434 3574 1506 3634 237.

550 3717 646 3792 Fieri
658 3724 783 3798 temen
804 3727 976 3818 potestut
960 3722 1119 3798 telterae
1132 3732 1255 3820 portes
1270 3725 1326 3800 liti
1338 3706 1442 3822 ¹ipsae
1458 3725 1592 3798 edesse

552 3848 758 3936 nequeant·
770 3847 868 3916 tune
888 3846 965 3918 illis
984 3871 1050 3942 per
1066 3853 1270 3940 cognitorem
1293 3849 1423 3946 primis
1445 3855 1592 3969 tempo·

530 4001 533 4009 λ
551 3967 653 4039 ribus
670 3965 741 4037 et
731 3959 939 4072 insequenti
966 3977 1071 4044 aetete
1097 3995 1162 4068 per
1180 3987 1437 4066 procuratorem
1458 3997 1595 4070 reprae·

552 4089 692 4162 seniori
717 4087 833 4162 licuit
855 4091 1300 4185 lgiturMnreusTulliuS‚
1319 4121 1405 4170 oum
1425 4097 1594 4171 seobru-

586 4326 624 4396 (l)
640 4325 701 4380 Sat.
713 4339 744 4391 u,
757 4325 782 4392 l,
798 4325 844 4381 82.
857 4325 898 4384 Cl.
915 4328 1006 4386 Pleut.
1020 4331 1216 4392 trementes.
1230 4371 1232 4378 ·
1317 4347 1320 4354 ’

553 4463 557 4470 ,
587 4405 625 4476 (2)
643 4405 711 4464 llor,
728 4404 868 4465 A.r.;78.
1140 4465 1142 4472 ,

589 4483 626 4562 (³)
637 4483 694 4540 Cio.
713 4484 793 4543 Tusc.
805 4485 908 4556 Quoest.
930 4501 957 4554 v,
972 4488 1019 4546 tl.
