3718 5836
636 757 831 824 ..51-

169 927 179 1010 '.
253 893 345 978 'lam
362 903 563 978 Demaeneti
574 927 633 976 res
649 903 870 986 domesticas
895 905 931 978 in
944 909 1108 980 Asinaria
1122 933 1261 984 secun·

222 1033 310 1107 dum
325 1032 575 1104 Romanorum
590 1051 712 1101 mores
734 1029 882 1127 depingi
903 1031 986 1126 quis
1004 1038 1114 1127 neget
1130 1033 1146 1104 t
1163 1033 1256 1108 Nam

223 1154 309 1256 quid
331 1163 386 1228 est
400 1155 498 1250 quod
512 1153 618 1227 nobis
633 1153 854 1228 obiiciantur
880 1155 938 1229 hic
952 1155 1025 1230 duc
1043 1176 1174 1232 versus
1193 1159 1210 1230 ‘2

297 1335 446 1412 ,Datalem
460 1351 587 1396 servom
602 1335 756 1396 Sauream
772 1353 853 1396 uxor
869 1344 922 1396 tna

239 1435 242 1442 ’
306 1433 463 1508 Adduxit,
476 1433 528 1494 cui
541 1433 614 1512 plus
628 1433 662 1494 in
678 1451 776 1496 manu
797 1432 839 1494 sit
850 1451 947 1512 quam
958 1433 1028 1504 tibi,
1068 1475 1070 1480 ·

955 1532 1115 1606 Asinaria,
1132 1534 1180 1593 73.

228 1719 296 1793 hoc
317 1719 426 1793 eliam
454 1719 645 1792 additos«
672 1718 920 1808 DcmaenctuS,
946 1721 977 1792 si
1001 1719 1264 1817 paterfamilias

229 1851 339 1933 esset,
374 1843 520 1917 Saurea
578 1844 681 1918 iussa
732 1843 923 1935 indiceret,
971 1869 1063 1938 non
1097 1815 1265 1919 triadem

161 1955 168 1968 ’
230 1969 445 2042 instrueret.
471 1999 487 2035 »
505 1969 583 2056 Quo
605 1968 698 2046 nihil
714 1969 856 2044 facilius
884 1977 938 2043 est
954 1967 1126 2065 intelligi,
1148 1995 1267 2066 neque

231 2091 277 2166 ad
307 2091 405 2166 hunc
430 2089 552 2164 locum
593 2091 859 2188 explicandum·
902 2115 1024 2164 mares
1058 2091 1267 2164 Graecorum

231 2239 397 2290 arcessas
431 2239 523 2312 opus
553 2222 625 2288 est
662 2215 799 2289 Servus
841 2217 940 2289 enim
974 2215 1149 2304 Libanus,
1185 2240 1267 2290 cum

232 2342 444 2414 Dcmaeneto
478 2341 580 2428 dicit,
612 2340 695 2436 plns
729 2365 836 2414 sarva
868 2341 980 2415 dotali
1002 2341 1168 2415 iamenu
1189 2365 1271 2414 esse

234 2490 344 2562 qnam
365 2465 450 2564 ipsi,
470 2464 558 2562 qnid
578 2464 678 2537 aliud
693 2489 802 2561 quam
821 2491 904 2540 eum
933 2467 1074 2540 deridet
1099 2472 1134 2540 et
1153 2466 1271 2562 magis

233 2612 381 2663 servum
415 2590 578 2663 dotalem
608 2589 782 2662 maritum
815 2615 911 2682 esse,
943 2614 1053 2686 quam
1092 2591 1171 2688 ipse
1201 2597 1269 2682 est,

233 2713 445 2810 significati
466 2715 615 2787 Manum
639 2718 762 2788 autem
783 2714 997 2810 ambiguum
1014 2739 1149 2788 nomen
1167 2721 1272 2789 usur*

234 2845 297 2937 pat
323 2838 483 2913 obsceno
522 2863 633 2912 sensu
663 2844 710 2923 ‚et
734 2864 842 2944 quem
876 2841 1101 2938 perspiciant
1122 2864 1275 2913 summae

237 2988 355 3037 carrea0
401 2968 642 3060 spectatores.
681 2966 860 3038 Praetcrea
897 2966 1025 3038 multis
1070 2965 1116 3038 de
1154 2956 1276 3038 causis

238 3089 488 3162 Demaenetum
509 3087 703 3162 remissius
740 3083 850 3186 agere
875 3096 1049 3188 oportet:
1084 3089 1278 3164 verticula-

239 3215 332 3288 riam
345 3213 443 3287 enim
466 3212 576 3286 vitam
598 3213 697 3309 degit
715 3215 778 3288 ille
800 3222 903 3311 pater
918 3221 954 3287 et
978 3215 1141 3310 pecuniae
1162 3215 1278 3288 dotali
1303 3258 1306 3265 ·

164 3319 167 3323 ¹
240 3339 369 3429 inhiat,
389 3362 464 3434 ¹qua
484 3345 637 3412 ornatus
657 3339 853 3412 nefandam
875 3346 911 3413 et
943 3340 1109 3414 illicitam
1147 3340 1279 3437 volup·

240 3471 368 3548 tatem,
399 3463 477 3536 filio
504 3462 542 3536 in
571 3467 713 3560 partam
747 3465 935 3556 adiuncto,
973 3467 1092 3562 possit
1114 3489 1276 3562 carpere,

242 3589 523 3688 praesertimque
543 3589 648 3662 timet
664 3613 709 3662 ne
731 3614 789 3663 res
803 3590 925 3688 palam
943 3589 1006 3664 fiat
1036 3623 1052 3660 ι(
1079 3589 1281 3686 uxorisque

244 3714 492 3791 oblatratricis
513 3719 598 3806 (1)»
622 3713 678 3787 ira
699 3715 972 3789 debacchetur:
995 3725 1031 3789 et
1057 3715 1147 3789 talia
1166 3715 1282 3788 medi-

244 3850 384 3918 tantem
400 3843 513 3916 istum
530 3866 572 3914 cx
589 3851 719 3922 senatu
740 3865 956 3936 ganeonem,
980 3840 1283 3936 patremfamilias

244 3966 582 4066 postremissimum
602 3971 637 4039 et
652 3966 935 4060 nequissimum,
965 3971 1146 4063 potestate
1166 3964 1284 4060 patria

246 4093 438 4190 magnifice
460 4091 511 4165 uti
532 4090 696 4188 potuisse
711 4091 937 4163 credideris!
961 4093 1057 4164 Num
1077 4090 1187 4162 etiam
1213 4089 1284 4162 iuri

247 4239 364 4312 graeco
384 4213 503 4308 magis
527 4212 699 4286 convenit
716 4212 834 4286 cuivis
851 4213 984 4286 marito
999 4203 1120 4286 dicere
1136 4233 1284 4286 servum

247 4339 410 4416 dotalem
441 4337 480 4411 in
511 4361 665 4412 uxorem
699 4335 783 4434 plus
823 4341 1033 4436 potestatis,
1069 4360 1178 4434 quam
1206 4337 1286 4434 ipse

286 4551 574 4626 mmmm
