3718 5836
726 669 774 724 .‘-
800 673 846 742 43
873 713 921 725 ..

298 833 469 912 vitamet
496 813 741 921 multiplicem
774 785 918 918 morum
947 823 1144 932 legumque
1160 809 1339 943 rationem

296 947 708 1056 ignoraretplebecula.
725 948 771 1021 At
788 948 953 1022 iuridicis
969 949 1110 1040 lacetiis
1125 960 1161 1026 et
1171 955 1339 1060 argutiis,

299 1087 376 1160 sive
396 1107 439 1158 ex
460 1077 597 1162 verbis,¹
621 1074 697 1149 sive
718 1099 762 1147 ex
788 1059 897 1171 rebus
917 1076 1162 1176 emicantibus
1187 1069 1238 1159 ita
1259 1105 1341 1154 scn-

298 1216 377 1284 tent
397 1193 575 1281 Plautium¹
594 1199 739 1309 sabula,
762 1207 801 1277 ut
817 1199 888 1273 loci
907 1201 987 1274 eius
1003 1206 1163 1298 generis,
1187 1230 1208 1278 a
1231 1193 1340 1280 Costa
1399 1296 1402 1300 „
1507 1253 1510 1260 ·

299 1333 337 1408 in
352 1332 475 1428 indice
494 1329 623 1416 notati,
640 1325 753 1399 trium
770 1326 930 1400 millium
946 1351 1144 1414 nnmerum
1162 1333 1341 1414 excedant
1424 1329 1427 1336 ’
1503 1323 1505 1330 ’

299 1465 334 1532 et
355 1459 430 1532 lere
449 1461 597 1531 centum
618 1449 883 1548 quinquaginta
905 1455 1156 1549 proportione
1181 1447 1341 1558 singulis

303 1581 437 1659 sabulis
468 1585 711 1677 aspergantur
740 1600 748 1647 :
780 1575 1013 1672 quiquidem
1035 1567 1219 1655 sales'aut
1244 1583 1341 1676 risus
1454 1613 1456 1620 ¹

300 1706 533 1783 concitabant
554 1709 617 1776 aut
633 1710 733 1774 certe
765 1693 811 1774 ad
837 1702 934 1775 risus
955 1699 1192 1780 concitandos
1207 1703 1209 1709 ’
1223 1707 1342 1800 inlen-

302 1833 497 1918 debantur.
519 1829 610 1916 Quid
628 1811 731 1923 'quod
756 1833 850 1930 totae¹
867 1834 902 1900 et
921 1825 1130 1904 fabularum
1150 1837 1283 1930 partes,
1305 1840 1341 1926 et
1386 1915 1389 1922 y

301 1958 432 2034 labulae
448 1959 493 2031 ex'
519 1955 611 2028 iuris
633 1961 714 2043 usu,
734 1957 797 2026 aut
821 1951 1043 2028 iudiciorum
1065 1956 1248 2049 lormulis,
1278 1967 1341 2051 aut

209 2168 211 2176 y
300 2085 421 2180 aliqua
440 2082 516 2156 litis
537 2077 787 2160 controversia
806 2080 1005 2176 pendent?
1068 2069 1071 2074 ‘
1101 2139 1104 2146 .

348 2209 435 2300 Quae
456 2231 536 2282 cum
552 2205 604 2278 ita
619 2203 707 2291 sint,
719 2199 855 2300 ¹ecquis
874 2206 1004 2304 estqui
1020 2205 1089 2280 sibi
1106 2211 1338 2303 persuadeat,

300 2334 555 2418 ducentesimo
583 2329 881 2406 antechristum
906 2325 1033 2410 natum
1061 2356 1171 2424 anuo,
1200 2315 1341 2409 abillis

299 2460 404 2534 nucis
422 2465 458 2534 et
476 2456 573 2532 lricti
602 2457 730 2547 ciceris
755 2456 1081 2556 placentarumque
1096 2533 1098 2538 ,
1111 2462 1340 2558 emptoribus

296 2583 334 2658 in
358 2607 503 2664 summa
529 2607 641 2658 cavea
660 2581 874 2656 sedentibus
894 2583 1102 2680 saepiusque
1130 2585 1240 2660 silere
1258 2587 1340 2686 jus·

299 2710 366 2802 sia,
402 2709 535 2806 quibus
563 2707 701 2796 sabula,
732 2713 929 2804 autequam
968 2716 1159 2812 ageretur,¹
1187 2711 1340 2808 prologo

298 2839 376 2910 erat
409 2833 640 2931 explicanda,
675 2832 721 2906 ab
749 2832 824 2906 illis
848 2833 1006 2930 denique
1037 2836 1120 2916 lixis
1150 2841 1187 2908 et
1223 2835 1340 2910 servis

300 2959 432 3056 quibus
452 2960 574 3056 potior
594 2964 672 3032 erat
691 2959 791 3032 ludis
811 2959 964 3054 scenicis
980 2960 1182 3036 bestiarum
1202 2986 1336 3062 pugna,

300 3107 380 3159 eam
390 3108 514 3158 rerum
526 3108 726 3180 graecarum
740 3083 932 3156 scientiam
946 3084 1058 3158 luisse
1074 3093 1338 3182 comparatam,

300 3216 340 3288 nt
362 3209 523 3284 fabulam
543 3209 581 3280 in
602 3232 674 3304 qua
693 3208 830 3282 centies
845 3221 908 3282 aut
924 3210 1338 3307 ducentiesgraecarum

263 3411 266 3418 .
297 3335 419 3432 legum
439 3335 550 3408 fiebat
576 3333 727 3420 mentio,
752 3333 857 3406 facile
879 3333 1129 3442 intelligerent
1147 3337 1166 3408 ‘t
1183 3337 1287 3425 Quod
1307 3339 1338 3411 si

261 3461 359 3556 ‘qui
402 3460 481 3536 lieri
513 3461 680 3557 potuisse
715 3460 950 3552 existimant,
985 3463 1010 3534 ii
1050 3464 1205 3558 primam
1244 3465 1338 3538 hanc

223 3583 226 3588 ’
298 3585 466 3688 scenicae-¹
473 3585 561 3662 artis
588 3585 707 3680 legem
730 3563 771 3658 se
789 3585 933 3658 nescire
957 3585 1154 3676 fateantur,
1176 3587 1336 3663 labulam

297 3711 343 3782 ad
376 3709 502 3806 populi
521 3735 672 3784 sensum
691 3710 825 3784 debere
851 3735 932 3784 esse
961 3713 1273 3788 accommodatam
1303 3722 1339 3788 et

299 3834 404 3931 quasi
443 3835 691 3930 promiscuam
717 3857 727 3923 ;
758 3840 936 3932 praeterea
962 3836 1084 3910 verbis
1116 3838 1209 3911 adeo
1233 3838 1337 3924 illus-

298 3959 417 4042 tribus
444 3957 632 4055 scriptam,
654 3961 702 4034 ¹ut
725 3959 828 4034 laeile
856 3961 916 4033 vel
944 3961 990 4034 ab
1016 3960 1117 4037 lento
1148 3971 1183 4036 et
1213 3964 1337 4038 miuus
1460 3997 1461 4002 ¹
1532 4029 1534 4038 ,

289 4083 431 4178 ‘sedulo
450 4090 654 4182 spectatore
676 4084 935 4188 intelligaturp
959 4094 1146 4182 postremo
1177 4089 1215 4161 in
1243 4089 1336 4164 lace-

241 4205 243 4213 ’
265 4197 281 4276 ss
299 4210 366 4284 tiis.
382 4214 466 4285 ante
481 4211 607 4286 omnia
626 4210 839 4306 fugiendam
857 4235 938 4284 esse
952 4213 1214 4288 obscuritatem
1232 4241 1250 4294 .:
1276 4242 1335 4291 ne·

300 4335 421 4408 sciunt
439 4343 562 4409 autem
577 4335 639 4432 qui
659 4335 759 4431 leges
771 4336 978 4410 Graecorum
999 4337 1036 4410 in
1053 4341 1190 4413 nostris
1202 4341 1337 4416 fabulis

302 4459 460 4574 describi
479 4461 712 4556 profitentur.
746 4463 826 4536 Non
853 4461 951 4535 enim
981 4463 1150 4538 dubitant
1177 4466 1297 4542 dicere
1325 4494 1334 4540 ε
