3718 5836
694 719 957 788 ...M-a.

316 861 445 938 Quin
459 869 529 928 viru
545 873 600 938 aut
615 867 798 951 subtrahet,
814 874 871 930 aut
883 873 996 948 stupro
1010 823 1186 930 invenerit.

236 1005 240 1012 ·
358 965 426 1024 Hae
441 966 508 1025 viri
526 979 648 1027 censeo
660 983 731 1027 esse
744 984 839 1028 omne
837 963 1015 1084 quidquid
1029 970 1176 1028 tuumst.

1002 1061 1167 1138 Casina,
1186 1063 1260 1122 et.

326 1249 492 1322 Tale‘t
425 1249 492 1344 rgit
495 1274 538 1322 ur
558 1250 617 1323 ius
636 1213 881 1348 luisseueque
895 1250 1054 1348 ignorat,
1075 1273 1193 1363 neque
1209 1249 1319 1328 silen.

160 1407 162 1410 ·
244 1431 246 1440 .
276 1376 327 1454 tro
341 1400 415 1471 prae
417 1374 615 1448 termittit:
632 1376 720 1451 sed
710 1400 830 1450 ruse
810 1375 943 1474 tleges
964 1357 1318 1484 sinemorihusquid

276 1501 431 1574 valent?
412 1499 527 1572 ‘lNisi
546 1501 628 1597 quie,
645 1499 761 1575 lorte
755 1525 836 1576 eam
856 1501 1106 1584 conditionem
1125 1499 1257 1580 uobis
1248 1523 1319 1572 rm.-

276 1625 392 1722 ponit,
418 1597 468 1699 ut
489 1650 646 1723 semper
654 1626 754 1721 leges
788 1651 870 1702 eum
902 1627 1067 1700 moribus
1090 1625 1198 1722 plane
1233 1621 1329 1698 oou-'

276 1773 407 1850 gruere
428 1750 765 1838 confiteamurrl
738 1757 817 1826 sr
839 1753 890 1824 rta
907 1757 1017 1838 esset
1041 1750 1150 1822 serras
1169 1753 1320 1844 agerent
1389 1752 1392 1758 '

249 1897 405 1946 omues
440 1874 565 1968 legum
597 1875 734 1946 latores
762 1879 798 1946 et
825 1874 1070 1980 decoquerent
1111 1872 1317 1970 fabularum

275 2000 487 2094 scriptores.
510 1999 658 2084 Contra,
682 2023 726 2070 ex
745 2023 788 2072 ea
809 2023 888 2095 quae
911 1999 1009 2072 mter
1027 1999 1124 2092 leges
1148 1987 1318 2109 r'egendae
1406 2005 1411 2054 ἱ

126 2179 129 2186 .
237 2101 1147 2219 ·homiuumvitaeeausalatasetvitamipsam‚
1171 2121 1327 2218 qualem‘
1443 2131 1445 2138 '

273 2249 455 2348 sehabet,
484 2249 594 2343 vulgo
615 2248 732 2320 oritur
753 2248 939 2322 discordia
959 2225 998 2320 tit
1022 2253 1062 2321 ut
1076 2253 1112 2320 et
1131 2233 1320 2328 ius'mori-

239 2422 242 2426 -
276 2375 347 2459 bus
380 2379 415 2444 et
437 2373 665 2470 temporibus
697 2397 738 2486 se
755 2374 916 2469 perverti
937 2375 1108 2472 patiatur,
1132 2379 1167 2449 et
1187 2371 1319 2487 poetis
1430 2439 1436 2447 ,

277 2499 338 2592 qui
353 2492 525 2572 in'satira
542 2503 585 2580 et,
596 2497 776 2596 comoedia
796 2505 1004 2587 versantur,
1026 2499 1320 2586 secundarerum
1405 2523 1407 2528 ¹
1434 2594 1437 2599 .
1530 2560 1532 2566 .

193 2723 196 2728 ἡ
278 2623 411 2710 messis
439 2607 643 2719 proueniat.
682 2625 789 2721 Apud
824 2645 1152 2721 nosquoquenou
1185 2618 1320 2697 desunt

201 2758 222 2846 J
280 2747 380 2844 leges
401 2747 532 2842 quibus
554 2747 661 2820 liberi
679 2753 873 2844 pareutum
888 2747 1052 2845 imperiis
1066 2747 1320 2844 obtemperare

181 2951 185 2958 ,
267 2879 316 2945 -ιιι
336 2891 470 2950 uxores
482 2872 526 2944 ad
549 2873 765 2946 maritorum
779 2845 975 2970 imperium
995 2897 1033 2945 se
1046 2896 1172 2967 gerere
1191 2871 1318 2945 iuben·

190 3091 197 3096 ἡ
251 3036 253 3040 v
282 3007 353 3070 tur·
344 2977 989 3102 ,sedsaepissimealialegeatqueea
995 2987 1324 3092 quaepublicelata

284 3129 351 3212 est,
325 3123 527 3196 tdomi
494 3123 584 3196 vrvit
588 3147 644 3210 ur,
661 3123 814 3218 iuraque
830 3124 925 3196 ina
885 3127 925 3195 Ca
922 3127 992 3194 vili
1007 3124 1133 3194 Codice
1147 3115 1325 3216 inscripta

113 3267 116 3274 '
235 3329 254 3336 Ἡ
284 3249 516 3344 privatoiure
536 3251 761 3344 abrogentur
773 3257 821 3336 el
841 3232 1011 3323 sicutilla
1029 3247 1173 3321 ridiculi
1190 3245 1321 3320 Arnol-
1353 3242 1382 3254 ”

285 3373 348 3468 phi
367 3381 560 3471 praecepta,
595 3399 662 3472 pro
696 3375 814 3448 nihilo
846 3377 1040 3480 habentur.
1060 3372 1322 3464 Similimodu,
1313 3429 1347 3490 '3

285 3497 345 3572 lae·
359 3504 442 3594 post
461 3500 534 3572 duo
549 3495 731 3572 annorum
754 3499 872 3572 millia
891 3499 1052 3596 aliquem
1066 3497 1224 3594 existere
1245 3496 1321 3592 qul,

245 3653 247 3660 ·
286 3621 573 3720 interpretandae
589 3623 729 3720 gallica
742 3625 928 3699 comoediae
939 3624 1148 3712 studiosus,
1164 3647 1186 3696 a
1203 3613 1327 3695 uerbis
1383 3639 1385 3644 ·

288 3771 361 3820 uon
374 3747 532 3835 recedat,
552 3743 588 3822 et
602 3748 704 3822 aliud
718 3749 805 3836 dici,
824 3749 925 3824 aliud
937 3747 1137 3844 significari
1153 3744 1229 3819 uun
1244 3751 1328 3841 sed·
1434 3759 1436 3766 '

151 3965 154 3974 y
215 3881 217 3884 ’
288 3865 368 3958 rial,
386 3871 418 3944 is
431 3873 608 3972 prolecto,
629 3873 758 3970 quales
774 3898 841 3954 nos
867 3874 905 3947 in
921 3897 969 3947 ea
983 3873 1149 3970 depictos
1162 3871 1328 3952 ridemus

275 4005 324 4102 et
342 3996 597 4100 intelligimus
615 4021 683 4072 nos
699 3999 847 4096 depingi
862 4024 935 4073 uon
948 3997 1133 4094 intelliget
1152 4002 1187 4084 et
1204 3995 1259 4068 sie
1275 3987 1327 4068 lo-
1364 4050 1365 4053 ,

274 4129 424 4217 'quatur
442 4123 599 4196 fortasse
621 4149 629 4198 z
651 4153 666 4192 ι
689 4111 879 4198 Gallorum
889 4125 1117 4209 fabularum·
1137 4101 1329 4218 quaeuono
1386 4143 1388 4150 ⁴

258 4241 264 4252 ’
292 4247 434 4322 decimo
446 4246 572 4321 seeulo
591 4247 628 4320 in
651 4272 798 4322 scenam
813 4250 1032 4348 prodierunt
1044 4247 1148 4322 nulla
1163 4252 1220 4320 est
1232 4271 1326 4344 quae,

292 4375 338 4448 ad
356 4373 455 4473 leges
476 4373 680 4462 Gallorum,
702 4373 830 4470 quales
847 4375 960 4478 luisse
980 4379 1136 4460 constat,
1164 4353 1330 4470 speelare

267 4564 270 4573 .
294 4499 474 4571 videatur.
495 4499 1330 4596 »Quamopiuiouemredarguere,'etdemous·
