3718 5836
977 665 1169 736 -38-
1256 659 1259 666 ’

600 817 705 890 Nune
724 839 825 904 vero,
853 838 964 888 causa
990 815 1154 902 delinita,
1175 839 1286 912 quam
1306 820 1405 890 recte
1436 814 1593 894 iudicari

550 941 679 1039 quanti
699 939 847 1014 intersit
862 939 1117 1036 exposuimus
1128 941 1236 1016 nobis
1247 941 1292 1022 ad
1309 965 1390 1014 cam
1406 941 1592 1038 explicam

548 1068 634 1142 dam
651 1065 948 1164 aggredientibus
964 1066 1058 1142 nihil
1074 1067 1305 1141 commodius
1319 1067 1465 1148 videtur
1479 1093 1590 1166 quem

548 1193 652 1266 illius
662 1192 834 1266 hesterni
852 1191 970 1266 libelli
991 1215 1103 1288 supra
1121 1192 1315 1266 memorati
1328 1193 1496 1268 ordinem
1513 1218 1589 1268 ser-

548 1338 648 1402 vare,
671 1321 711 1389 ut
743 1339 785 1389 ea
816 1337 911 1412 quae,
936 1313 996 1392 vel
1030 1313 1068 1390 in
1098 1314 1262 1388 medium
1288 1315 1505 1405 atteruntur,
1529 1313 1589 1388 vel

547 1439 652 1513 nobis
673 1439 910 1528 obiiciuntur,
944 1438 1090 1536 singule
1118 1439 1360 1515 discutiamus
1389 1448 1426 1514 et
1453 1431 1598 1525 dissol-¹

550 1587 691 1654 ramus,
720 1564 965 1662 inprimisque
986 1589 1181 1640 caveamus
1202 1590 1262 1653 ne,
1286 1589 1366 1662 quae
1386 1566 1485 1640 haud
1512 1566 1588 1640 seio

546 1713 593 1764 an
625 1683 792 1764 consulto
830 1689 968 1764 omissa
1006 1690 1095 1778 sint,
1127 1689 1198 1789 ipsi
1228 1691 1443 1766 omittamus
1476 1698 1586 1780 3tum

545 1804 775 1912 argumenta,
798 1839 877 1912 quae
893 1816 930 1890 in
950 1819 1142 1912 utramque
1158 1823 1299 1912 partem
1314 1823 1583 1913 proponuntur,

546 1941 584 2014 in
605 1943 678 2016 duo
697 1953 833 2038 genera
863 1941 1097 2032 distribuere,
1119 1941 1236 2016 altera
1254 1939 1466 2016 communia
1488 1945 1524 2015 et
1545 1931 1583 2014 in

547 2066 668 2140 medio
699 2065 831 2164 posita,
859 2090 941 2163 quae
968 2073 1055 2142 sunt
1082 2066 1259 2164 temporis
1282 2072 1319 2141 et
1345 2067 1434 2156 loci,
1468 2067 1585 2140 altera

546 2191 694 2290 propria
714 2198 750 2264 et
771 2215 818 2266 ex
836 2191 928 2288 ipsis
948 2191 1067 2266 Plauti
1085 2191 1207 2265 verbis
1227 2193 1459 2290 deprompta.

488 2360 489 2364 =
594 2318 646 2390 Ex
665 2315 742 2389 illis
762 2321 886 2394 autem
905 2315 1133 2412 argumentis
1153 2341 1232 2414 quae
1253 2323 1340 2392 sunt
1353 2317 1531 2414 temporis
1548 2323 1582 2392 et

544 2441 629 2529 loci,
652 2441 690 2514 in
710 2442 779 2516 hoc
800 2466 875 2516 uno
898 2448 983 2516 ante
1006 2441 1131 2522 omnia
1148 2447 1341 2520 morantur
1359 2441 1468 2538 graeci
1491 2441 1582 2516 iuris

544 2565 705 2640 lautores
720 2572 755 2640 et
771 2566 845 2640 fere
864 2571 978 2642 totam
992 2565 1205 2664 disputandi
1219 2566 1402 2642 rationem
1423 2573 1580 2665 ponunt,

543 2691 642 2786 quod
662 2717 788 2788 graecae
804 2697 903 2778 sunt,
921 2715 1012 2789 quas
1030 2693 1179 2767 Plautus
1198 2694 1236 2766 in
1262 2691 1417 2767 latinum
1439 2715 1581 2767 sermo·

542 2839 627 2889 nem
655 2815 856 2904 transtulit,
886 2815 1030 2889 fabulae.
1062 2817 1168 2902 Nam,
1205 2821 1245 2890 ut
1279 2839 1324 2888 ex
1352 2815 1398 2888 iis
1442 2822 1519 2890 tres.
1544 2821 1581 2888 et

542 2943 667 3014 decem
684 2965 729 3014 ex
744 2941 854 3014 ocrtis
867 2964 992 3036 graecae
1005 2940 1194 3014 oomoediae
1204 2941 1322 3036 poetis
1332 2940 1495 3015 imitatus
1508 2946 1577 3031 est,

540 3069 591 3142 ita
624 3090 708 3140 eum
737 3073 877 3164 septem
909 3066 1070 3162 reliquas
1095 3065 1141 3138 ab
1173 3067 1302 3139 eodem
1333 3089 1450 3162 graeco
1482 3065 1580 3140 sonte

466 3175 468 3182 '
541 3193 710 3268 hausisse
726 3191 962 3288 perspicuum
984 3197 1053 3266 est.
1076 3189 1246 3266 Plautum
1268 3190 1379 3287 igitur
1407 3215 1428 3264 a
1447 3190 1581 3265 Graecis

540 3316 748 3392 fabularum
763 3317 955 3390 materiem
976 3316 1147 3404 traxisse,
1165 3324 1201 3393 et
1220 3339 1281 3388 eas
1300 3315 1357 3410 agi
1374 3316 1411 3388 in
1428 3315 1576 3404 Graecia,

541 3443 765 3538 nominaque
777 3467 907 3538 graeca,
918 3465 1001 3517 cum
1015 3440 1197 3538 personis,
1211 3448 1289 3515 tum
1301 3441 1393 3514 locis
1407 3449 1443 3514 et
1453 3441 1576 3530 rebus,

541 3574 581 3641 ut
594 3567 730 3641 aedium
753 3548 931 3663 partibus,
949 3567 1128 3655 vestibus,
1150 3565 1313 3662 pecnniae
1334 3589 1415 3639 esse
1436 3572 1579 3640 servata

540 3692 656 3766 cuivis
667 3699 724 3765 est
734 3690 965 3790 exploratum
982 3717 990 3782 ;
1006 3715 1126 3788 neque
1141 3675 1429 3786 negatAEmilius
1443 3693 1550 3766 Costa
1566 3721 1573 3764 :

541 3838 752 3916 quanquam
767 3816 876 3891 huius
892 3816 1078 3912 opinionis
1093 3817 1285 3890 firmandae
1311 3840 1421 3890 causa
1436 3819 1481 3891 ad
1499 3841 1576 3894 rem

541 3966 615 4016 non
647 3949 725 4015 erat
752 3941 805 4018 uti
825 3941 1037 4016 testimonio
1057 3940 1197 4015 Horatii
1226 3965 1349 4038 quem,
1376 3965 1460 4016 cum
1486 3943 1576 4016 sori·
1614 3941 1621 3954 ‘

540 4067 644 4140 heret
666 4091 692 4139 :¹

526 4359 530 4364 ·
621 4337 782 4398 Dicitur...

604 4401 606 4407 Ι
620 4433 753 4495 Plautus
772 4433 813 4494 ed
828 4433 1010 4512 exemplum
1026 4431 1119 4494 siculi
1134 4449 1307 4510 properare
1320 4431 1513 4509 Epicharmi,
