3718 5836
739 707 945 777 415-
1045 743 1047 750 ι

220 915 223 922 λ
325 853 479 929 lllorum
503 853 615 952 igitur
630 853 806 951 pleraque
820 854 1022 936 latinorum
1037 857 1235 932 verborum
1250 858 1368 957 liquet
1436 929 1438 935 Α

220 981 251 1014 ·'
324 977 1391 1080 institutaiuridicapraecessisscquibusposthacadmota⁴
1554 1031 1557 1038 ·

326 1110 442 1180 sunt:
472 1111 509 1180 at
536 1129 647 1181 voces
680 1108 831 1196 eaedem,
852 1107 997 1182 etiamsi
1027 1131 1070 1182 eo
1096 1108 1178 1208 ipso
1203 1115 1371 1209 tempore
1466 1089 1467 1096 ἵ

325 1257 396 1329 quo
417 1231 617 1330 peculiaria
635 1233 806 1308 instituta
823 1239 918 1308 natae
931 1240 1069 1322 essent,
1090 1226 1182 1311 adeo
1201 1223 1369 1336 frequen·

322 1361 379 1432 ter
398 1347 586 1434 communi
616 1357 784 1433 omnium
804 1380 976 1433 sermone
1006 1366 1098 1435 sunt·
1124 1367 1310 1461 usurpata
1331 1370 1371 1440 ut

322 1508 471 1559 omnem
499 1485 575 1560 rim
597 1484 795 1560 ¹iuridicam
817 1483 922 1581 quasi
945 1487 1129 1564 currendo
1159 1488 1366 1566 amiserint.

321 1611 640 1699 Quemadmodum
670 1601 910 1702 nomismata,
937 1597 1027 1687 dum
1045 1618 1223 1710 perpetua
1251 1617 1369 1692 tradi-

320 1733 421 1808 tione
441 1735 487 1808 de
502 1759 614 1840 manu
637 1737 855 1836 admanum
876 1736 1091 1810 discurrunt
1111 1742 1147 1812 et
1171 1727 1276 1834 quasi
1297 1737 1368 1812 oir-
1425 1797 1427 1801 v

320 1860 420 1934 cuitu
438 1861 688 1954 reducuntun
708 1862 937 1961 pedetentim
965 1867 1164 1937 extenuata
1187 1887 1261 1938 non
1293 1863 1367 1942 iam

318 1983 668 2081 apparentem'olim
680 1983 880 2081 imaginem
901 2007 977 2081 prae
997 2007 1037 2064 se
1053 1983 1193 2073 icrunt,
1215 1984 1267 2058 ita
1282 1985 1368 2060 nul·
1630 1999 1634 2006 '

279 2123 281 2130 ⁴
318 2107 393 2182 lam
413 2109 611 2206 imaginem
636 2109 821 2185 uocabula
835 2108 908 2184 ista
927 2107 1103 2207 deinceps
1122 2109 1286 2186 retinent
1304 2116 1369 2186 aut

253 2295 255 2300 .
316 2235 540 2311 remittunt:
572 2249 691 2333 neque
718 2235 1038 2332 apud'recitantis
1066 2242 1127 2309 aut
1154 2236 1364 2338 scribentis,
1386 2295 1391 2302 .

317 2385 437 2458 neque
467 2363 565 2458 apud
592 2361 750 2458 legentis
780 2367 846 2436 aut
872 2361 1060 2436 audientis
1093 2369 1256 2436 mentem
1290 2363 1368 2452 ulla

313 2485 408 2562 iuris
427 2487 732 2562 commemoratio
748 2486 822 2578 iam
838 2485 1042 2560 reviviscit.

365 2613 470 2701 Quod
503 2613 643 2712 pariter
675 2615 725 2704 ‚de
762 2613 985 2709 quibusdam
1014 2611 1265 2688 locutionibus
1293 2615 1364 2689 dici

315 2743 450 2835 polest.
472 2741 621 2814 Erraret
641 2762 732 2813 saue
753 2739 815 2836 qui
836 2738 992 2813 iuridico
1014 2738 1177 2841 sermoni
1197 2740 1363 2836 assigna·

265 2879 266 2882 ’
314 2868 372 2938 ret
391 2863 527 2940 usitata
543 2863 609 2939 illa
630 2888 639 2938 ε
658 2889 724 2959 qno
748 2877 848 2960 pacto
869 2870 905 2939 et
918 2863 985 2960 pro
1011 2865 1111 2936 cirili
1129 2863 1240 2958 purte.
1265 2865 1363 2940 Fieri

314 2995 438 3065 tamen
454 2991 575 3088 potuit
594 2996 634 3065 ut
649 2989 872 3088 primigenia·
883 3013 956 3064 vox
968 2993 1032 3084 qn'o
1045 2999 1144 3087 pacto
1163 2989 1362 3069 iuridicum

312 3121 460 3215 pactum
494 3110 754 3212 significarcrit
793 3121 829 3190 et
866 3122 1007 3212 postea,
1050 3099 1163 3212 sensu
1191 3116 1356 3216 prolat0,

314 3239 431 3314 multa
448 3239 521 3313 alia
536 3239 708 3337 amplexa
728 3242 774 3314 sit
793 3264 802 3314 :
827 3223 926 3340 quod
949 3239 1049 3314 idem
1072 3241 1174 3339 apud
1192 3263 1260 3314 nos
1274 3265 1359 3315 con·

313 3364 395 3461 tigit
413 3365 534 3438 verbis
564 3366 610 3440 iis
636 3363 781 3462 gallicis
814 3390 821 3438 :
853 3345 1112 3461 orroupemect,
1142 3364 1358 3460 s'arroaper.
1460 3439 1462 3446 ,

311 3490 363 3562 Ac
395 3491 520 3564 forsan
549 3477 679 3590 priscae
700 3491 981 3588 significationis
1005 3475 1377 3588 quiddampersen··

310 3615 481 3698 tiscasin
501 3617 570 3690 hoc
593 3615 713 3690 Flacci
735 3639 871 3690 versu:
981 3675 984 3684 Δ
1453 3607 1455 3610 ’

736 3768 802 3844 Quo
814 3759 905 3850 pacto
926 3769 1083 3850 iudicium
1096 3766 1176 3827 illud

451 3883 454 3888 ·
552 3866 695 3946 Fugerit.
1230 3861 1232 3870 ⁴
1282 3864 1285 3872 ’

1055 3945 1125 4018 ειη.
1140 3918 1161 4031 r,
1179 3959 1208 4030 a,
1225 3958 1273 4017 ce.

312 4111 390 4194 Nec,
420 4140 493 4190 non
525 4117 570 4188 de
599 4114 785 4188 locutione
810 4143 873 4208 pro
899 4119 1000 4190 cirili
1024 4130 1127 4209 porte
1158 4115 1257 4187 idem
1285 4117 1356 4188 dici

312 4248 446 4338 potest.
476 4241 582 4338 Apud
611 4240 910 4330 iurisconsultos,
947 4265 1032 4344 pars
1063 4240 1182 4313 virilis
1208 4241 1355 4326 heredi-

214 4381 217 4390 '
312 4369 414 4442 tariae
445 4369 540 4464 parti
576 4367 788 4465 opponitur.
825 4367 914 4440 Cum
956 4371 1110 4440 testator
1146 4390 1352 4466 non'suam
1462 4436 1465 4442 .

313 4493 446 4590 cuique
473 4491 748 4568 succedentium
773 4498 809 4563 et
838 4498 988 4587 quotam
1016 4498 1157 4587 partem
1188 4491 1348 4586 scripsit,
