3718 5836
680 1 889 41 s‘'‡a··}'··¹·‘31·'··t*
958 1 972 4 .-
1002 1 1044 4 a-.
1088 1 1116 3 .,
1241 1 1282 28 ..Ι
1332 1 1337 42 ]
1701 6 1703 14 ¹

711 36 717 63 '
1180 42 1183 50 ⁴
1428 43 1430 50 ⁴
1799 47 1805 69 i

570 106 578 119 Ι
1795 118 1801 133 Ι

370 158 402 180 ΙΙΙ.
964 185 970 192 ἱ

60 196 67 209 ι
271 192 294 210 υ,

723 237 726 245 ,

219 311 226 320 .
288 301 292 312 Ι

690 337 693 342 ¹
847 323 852 334 Ι

1705 349 1709 361 b

619 795 622 808 ,
707 728 901 794 -77-

275 887 339 957 ant
374 875 616 976 philosophos
660 871 883 968 stupefactos
930 869 1044 946 simul
1077 876 1114 945 et
1152 853 1321 946 ridentes

276 1004 426 1081 attraxit
455 997 697 1092 retinuitque,
722 996 824 1071 relut
848 997 880 1070 si
902 977 1023 1093 prisea
1036 1002 1070 1070 et
1090 995 1163 1076 iam
1178 991 1319 1070 ⁴subob·
1380 1044 1381 1050 κ

277 1154 384 1204 saura
410 1123 590 1200 comoedia
622 1143 745 1196 eoram
764 1129 946 1219 ageretur.
967 1123 1132 1196 Necnon
1155 1121 1254 1195 idem
1272 1121 1317 1196 de

273 1232 408 1330 ueteris
429 1250 526 1346 quod
555 1247 600 1320 de
620 1247 827 1320 actionibus
854 1247 927 1320 dici
960 1254 1092 1343 potest.
1128 1249 1186 1320 lus
1216 1246 1316 1320 enim

277 1382 542 1460 Romanorum,
583 1373 614 1446 si
644 1371 727 1470 quis
765 1372 980 1447 univeisum
1012 1371 1318 1462 consideraverit,

283 1524 357 1578 non
385 1498 500 1595 aequis
521 1495 704 1594 passibus,
735 1501 775 1570 ut
794 1496 846 1572 ita
867 1497 1002 1587 diram,
1039 1504 1179 1571 ceteras
1207 1495 1322 1570 disei-

281 1625 404 1723 plinas
450 1627 689 1697 consecutum
732 1621 930 1698 videbitur.
968 1625 1076 1712 Dum,
1120 1643 1323 1720 graecorum
1420 1704 1422 1708 .
1515 1675 1517 1684 ,

282 1746 552 1846 exemplarium
581 1747 710 1842 gratia,
742 1770 870 1820 omnes
889 1747 1067 1837 doctrinae
1093 1747 1197 1843 quasi
1213 1745 1323 1820 citato

282 1875 376 1972 pede
392 1873 429 1944 in
440 1871 692 1960 meliusnam,
704 1871 762 1945 ius
776 1871 827 1946 ita
840 1878 945 1947 caute
957 1872 1151 1970 pristinam
1166 1873 1324 1952 {ormam

283 1998 501 2072 immutabat
521 2003 557 2070 et
575 1997 672 2098 lente
687 1997 732 2070 ad
749 1997 860 2093 tinem
873 2022 980 2094 suum
1003 1997 1319 2096 progrediebatur,

284 2131 323 2198 ut
344 2123 442 2218 quod
473 2123 595 2198 Marco
613 2122 737 2198 Tullio
767 2122 913 2197 virente
938 2125 1057 2198 adhue
1086 2124 1322 2212 nascebatur,

282 2251 371 2321 tuno
394 2269 476 2320 cum
494 2246 702 2322 litterarum
727 2247 933 2345 disciplinae
951 2248 1091 2322 iamdiu
1113 2253 1220 2322 nocte
1237 2269 1324 2344 pro·

283 2369 399 2446 lunda
431 2371 584 2468 sepultae
605 2371 780 2461 iacerent,
802 2372 921 2446 nitido
947 2372 1146 2468 splendore
1174 2373 1324 2446 demum

289 2493 491 2573 refulserit.
