3718 5836
973 691 1167 758 ...52-

550 835 673 924 babet,
695 835 830 910 habere
849 838 914 934 (1).
930 838 1041 925 Quin,
1064 839 1175 912 verba
1194 837 1275 935 ipsa
1301 838 1412 936 prisci
1437 835 1586 912 Catonis

548 983 670 1034 nonne
691 959 832 1034 clarum
849 961 975 1036 lumen
1008 963 1216 1060 legentibus
1242 963 1470 1061 praelerunt‘l
1506 959 1586 1034 Nisi

548 1080 630 1176 quis
668 1080 776 1156 nobis
797 1083 1019 1177 persuadere
1055 1083 1145 1157 velit
1175 1084 1381 1158 Graecorum
1410 1104 1530 1158 mores
1561 1103 1583 1152 a

550 1203 686 1279 Catone
705 1207 814 1279 etiam
843 1208 1007 1304 depictos
1028 1207 1141 1282 luisse
1154 1209 1212 1282 his
1233 1208 1342 1282 dictis
1378 1231 1386 1281 :
1416 1204 1586 1281 «Mulier

549 1352 717 1424 maguam
750 1330 874 1404 dotem
908 1332 1055 1421 adtulit,
1090 1339 1169 1406 tum
1195 1357 1365 1430 magnam
1392 1331 1584 1431 pecuniam
1696 1319 1700 1330 ’

482 1473 485 1482 ·
548 1456 678 1552 recipit
698 1481 808 1552 quam
822 1457 859 1530 in
880 1458 949 1530 viri
964 1465 1144 1556 potestate
1163 1485 1237 1536 nou
1253 1461 1470 1536 committat.
1494 1461 1582 1534 Eam

546 1581 739 1676 pecuniam
756 1582 835 1655 viro
847 1591 1012 1656 mutuam
1033 1585 1119 1673 dat;
1137 1592 1278 1683 postea,
1302 1586 1365 1660 ubi
1384 1586 1478 1660 irate
1490 1585 1583 1658 lacta

544 1709 613 1794 est,
631 1729 776 1801 servom
798 1707 1032 1803 recepticium
1054 1709 1185 1784 sectari
1200 1717 1310 1808 atque
1327 1711 1492 1807 flagitare
1504 1709 1583 1783 viro

543 1827 645 1903 iubet
659 1830 769 1926 (ΞΜ

592 1951 710 2037 Nunc,
746 1951 920 2046 quonium
947 1979 1020 2030 non
1044 1980 1088 2030 ex
1121 1957 1274 2045 Graecia,
1310 1959 1376 2032 sed
1410 1981 1456 2031 ex
1485 1956 1582 2032 Urbe

544 2075 657 2149 vitam
682 2075 925 2152 domesticam
954 2088 990 2154 et
1023 2107 1103 2178 quae
1154 2107 1199 2157 ex
1223 2105 1265 2158 ea
1308 2083 1475 2158 defluunt
1500 2081 1584 2156 iura

544 2202 749 2298 sumpsisse
767 2201 937 2277 Plautum
958 2207 1203 2293 ostendimus,
1219 2232 1293 2284 non
1313 2207 1362 2281 sit
1376 2207 1526 2280 difficile
1537 2209 1581 2282 eb

544 2327 673 2400 eodem
691 2299 801 2400 ‘sonte
832 2353 925 2413 cum,
946 2313 1114 2406 hausisse
1155 2358 1235 2430 quae
1274 2333 1318 2406 de
1344 2333 1519 2406 servitute
1548 2337 1583 2406 et

543 2452 834 2530 manumissione
854 2458 893 2530 in
914 2457 1046 2530 sabulis
1077 2465 1276 2531 occurrunt
1309 2458 1576 2530 demonstrare.

541 2573 616 2646 Nec
631 2577 753 2672 magni
769 2582 891 2678 operis
915 2583 963 2654 sit
979 2583 1147 2678 probare,
1178 2581 1283 2656 elsi«
1317 2581 1421 2654 nullo
1445 2580 1527 2654 loco
1543 2579 1579 2652 in
1677 2653 1679 2660 ,

540 2697 874 2778 fabulisdominum
884 2707 928 2778 ad
940 2711 1133 2802 praetorem
1149 2731 1231 2780 cum
1246 2707 1407 2778 vindicta
1420 2705 1580 2778 adluisse

454 2871 457 2884 ›
540 2829 576 2896 et
590 2847 631 2898 ea
645 2827 742 2901 servi
755 2831 864 2928 capiti
881 2831 1068 2928 imposita,
1091 2832 1198 2906 illum
1216 2831 1445 2904 solemnibus
1461 2829 1580 2902 verbis

540 2947 699 3025 liberum
738 2979 783 3027 ex
830 2956 909 3030 iure
948 2957 1146 3046 Quiritium
1185 2956 1484 3055 pronuntiavisse
1528 2955 1580 3027 vi-

541 3073 693 3150 deamus
715 3079 768 3177 (3)
801 3110 833 3168 ι,
859 3106 933 3156 non
965 3082 1051 3156 inda
1090 3083 1196 3179 sequi
1229 3105 1420 3156 servorum
1450 3081 1580 3156 condi·

538 3197 692 3288 tionem,
719 3203 832 3284 aliam
860 3209 958 3303 apud
992 3208 1176 3296 Plautum,
1212 3207 1324 3280 aliem
1354 3209 1479 3280 Romae
1499 3188 1581 3282 eius

537 3329 704 3424 tempore
724 3329 862 3422 luisse;
890 3334 956 3406 sed
970 3333 1091 3430 potius
1114 3338 1243 3430 poetae,
1276 3357 1342 3429 per
1360 3339 1577 3438 argumente

537 3447 817 3528 fabularumaut
835 3458 1086 3532 Romanorum
1108 3481 1245 3548 meree,
1275 3457 1514 3554 magistratus
1540 3459 1577 3532 in

573 3665 614 3736 (l)
626 3667 660 3724 In
676 3669 766 3727 Persa
779 3687 839 3730 rem
857 3673 978 3745 legimus
999 3675 1088 3734 multo
1100 3677 1191 3750 magis
1203 3675 1289 3734 etiam
1308 3673 1482 3732 mirabilem.
1506 3671 1578 3728 Nam

536 3751 728 3819 preterquam
742 3754 939 3824 qrrodinhanc
948 3755 1166 3829 fabulamvirgo
1179 3758 1270 3826 libera
1282 3755 1439 3818 inducitur,
1448 3753 1580 3810 videmus

537 3825 585 3882 hic
612 3841 738 3896 servum,
755 3831 831 3890 domi
858 3835 1016 3906 dominum,
1033 3838 1079 3894 cui
1107 3838 1206 3894 famuli
1222 3836 1350 3894 serviunt
1370 3830 1398 3892 et
1420 3833 1502 3892 liberi
1520 3831 1578 3892 viri

480 3983 483 3990 ,
537 3903 727 3976 blandiuntur
741 3917 769 3969 et
782 3915 1004 3988 morigerantur.
1019 3917 1078 3986 Qua
1096 3917 1159 3978 data
1185 3917 1333 3976 occasione
1351 3919 1466 3972 versute
1482 3911 1581 3972 scribit

537 3984 669 4044 Naudet:
690 3991 860 4052 «Romanos
887 3997 1037 4066 optimates
1061 4012 1090 4054 se
1116 4013 1132 4054 a
1154 3997 1306 4068 proletario
1323 4001 1380 4053 tam
1399 3994 1581 4066 impudenter

537 4064 645 4122 elevari
670 4084 730 4127 esse
746 4087 851 4143 passos,
867 4079 919 4133 vix
937 4077 1044 4134 credas.
1066 4077 1120 4146 Qui
1150 4084 1247 4135 autern
1262 4077 1324 4133 lieri
1342 4080 1433 4146 potest
1446 4079 1478 4130 ut
1496 4073 1580 4131 athe-

537 4145 632 4203 niensi
649 4149 723 4219 plebi
737 4151 789 4210 ista
805 4155 1021 4226 placuerunt»
1049 4159 1214 4216 Secundum
1230 4157 1357 4214 strictam
1373 4156 1489 4212 illorum
1510 4168 1581 4226 quos

536 4225 695 4286 refellimus
714 4233 862 4300 rationem,
875 4237 949 4294 hanc
974 4237 1075 4294 lebulae
1090 4243 1200 4309 partem
1212 4243 1340 4309 oporteat
1363 4251 1458 4308 neque
1473 4235 1580 4294 Rome-

538 4305 593 4368 nis,
609 4323 701 4379 neque
716 4311 823 4372 Graecis
838 4316 971 4374 adscribi.
985 4317 1059 4385 Quid
1073 4318 1186 4390 igiturt

574 4384 614 4454 (Ξ)
630 4388 681 4444 Ed.
699 4390 812 4460 Jordan,
829 4409 857 4464 p.
870 4397 917 4452 bl.

574 4464 611 4536 (3)
628 4465 660 4522 R.
678 4468 805 4540 Dareste,
818 4489 845 4544 p,
869 4475 927 4533 148.
