3718 5836
969 739 1164 812 ...12-

501 941 506 954 =
546 901 603 969 est
622 893 804 993 excipere,
823 892 876 968 sic
890 867 972 989 ego,
987 891 1057 966 alio
1077 891 1237 988 quodam
1253 891 1364 968 modo
1377 899 1520 986 auctor,
1540 921 1587 972 ne

546 1020 651 1118 quasi
683 1025 863 1096 cretatum
885 1017 1024 1092 librum
1054 1040 1237 1114 exponam
1269 1025 1333 1092 aut
1366 1026 1444 1094 arte
1484 1021 1587 1096 vaira

545 1167 780 1242 corrumpam
812 1143 1003 1233 lectorem,
1042 1140 1192 1216 lacetias
1227 1140 1326 1230 illas,
1349 1165 1428 1240 quae
1456 1144 1526 1218 hac
1547 1143 1586 1218 in

546 1269 673 1344 charta
691 1268 986 1368 explicabuntur,
1008 1266 1153 1342 sincero
1173 1271 1209 1340 et
1238 1265 1353 1341 atroci
1384 1269 1480 1366 stylo
1503 1270 1586 1344 des·

547 1393 686 1469 cribam
710 1394 956 1490 definiamque
976 1415 1126 1466 necesse
1160 1397 1231 1467 est.
1263 1390 1442 1466 luridicas
1475 1391 1588 1486 igitur

548 1519 696 1594 facetias
712 1519 858 1618 appello
883 1519 986 1592 verbo
1001 1521 1138 1610 stapulo
1153 1533 1215 1590 out
1233 1530 1439 1610 conprepoto
1466 1523 1586 1612 quibus

546 1652 606 1745 pul
618 1649 776 1734 utuntur,
788 1647 980 1738 dumfocete
991 1647 1134 1716 scribere
1146 1645 1295 1733 student,
1309 1646 1478 1718 iuridioos
1492 1669 1587 1718 voces

550 1776 596 1846 od
619 1797 673 1858 res
691 1797 758 1844 ooo
771 1773 942 1844 'iuridr'cos
964 1775 1191 1862 transferunt.

594 1897 691 1972 lllud
710 1894 856 1970 dicendi
868 1919 997 1994 genus,
1012 1893 1117 1968 illam
1135 1892 1326 1992 proprium
1341 1893 1586 1992 prudentium

547 2045 757 2098 sermonem
778 2021 970 2118 quibusvis
990 2018 1217 2115 argumentis
1241 2019 1462 2094 admovendi
1494 2043 1583 2096 con·

549 2147 797 2237 suetudinem,
819 2153 894 2220 tam
914 2145 1075 2219 naturali
1094 2144 1233 2242 impetu
1277 2145 1441 2231 Romani,
1480 2136 1586 2242 quid·

548 2264 635 2361 quid
656 2263 777 2336 dicere
808 2261 1014 2347 tentabant,
1033 2266 1305 2358 usurpaverunt
1339 2268 1488 2358 tamque
1514 2263 1587 2338 tres

549 2396 704 2488 quentcr
718 2413 786 2464 nos
802 2389 872 2488 ipsi
893 2389 990 2484 apud
1003 2387 1089 2461 illos
1110 2387 1208 2479 nacti
1230 2411 1358 2462 sumus
1393 2394 1433 2462 ut
1461 2387 1585 2464 lorsan

549 2539 667 2614 operae
688 2515 1021 2612 pretiumluturum
1038 2513 1087 2586 sit
1099 2536 1176 2586 rem
1199 2511 1236 2586 in
1257 2514 1436 2610 opusculo
1455 2521 1585 2590 notan·

549 2644 633 2716 dam
647 2641 844 2716 observare
863 2645 898 2712 et
918 2638 1094 2712 attentius
1112 2637 1310 2734 inspicere.
1325 2639 1448 2714 Unum
1461 2645 1585 2716 tamen

548 2767 770 2853 conveniat:
805 2765 897 2840 iuris
928 2763 1047 2837 civilis
1073 2787 1229 2838 censura
1263 2770 1300 2838 et
1329 2765 1585 2840 institutorum

548 2895 661 2968 satira
676 2899 710 2967 et
726 2891 763 2964 in
775 2891 874 2988 ipsas
884 2914 942 2963 res
955 2891 1121 2964 forenses
1135 2889 1359 2980 intentiioci‚
1376 2891 1585 2988 acdcnique

548 3019 727 3118 quidquid
743 3015 972 3091 mordacium
985 3016 1184 3090 verborum
1216 3024 1345 3090 contra
1370 3015 1471 3114 leges
1498 3042 1584 3092 suas

547 3142 666 3217 Latini
699 3143 941 3230 lactaverunt,
977 3141 1044 3213 boc
1084 3141 1165 3238 ipso
1201 3140 1379 3236 temporis
1428 3141 1585 3216 articulo

549 3267 861 3366 praetermittetur.
881 3267 966 3354 Qua
985 3266 1134 3361 quidem
1151 3289 1223 3338 non
1245 3264 1394 3339 trioboli
1407 3265 1455 3340 sit
1474 3271 1590 3340 mate-

550 3392 624 3464 ries
641 3420 648 3463 :
668 3391 781 3464 immo
809 3379 946 3464 summi
977 3390 1152 3488 ponderis
1186 3397 1222 3463 et
1254 3389 1418 3464 studiose
1441 3390 1590 3488 plenius

549 3539 773 3613 responsura
783 3514 974 3588 tractanti:
989 3537 1117 3588 verum
1131 3515 1202 3589 ista
1214 3539 1287 3590 non
1303 3539 1385 3588 mea
1400 3515 1592 3590 materies„

523 3672 525 3676 ·
551 3643 686 3714 lterum
698 3639 868 3733 igitursit
880 3639 1018 3712 dictum
1034 3667 1040 3711 :
1054 3640 1270 3737 destylo,de
1283 3663 1416 3736 genere
1428 3641 1587 3734 quodam
1664 3663 1667 3668 ·

551 3765 738 3840 scribendi
783 3772 820 3838 et
858 3764 903 3838 ab
932 3764 1012 3839 iure
1049 3788 1180 3838 aversa
1210 3741 1442 3862 exprimendi
1494 3790 1592 3840 nunc

506 3880 509 3885 ’
548 3891 694 3988 loquor.
715 3893 895 3966 Praeterea
915 3915 961 3964 ne
988 3889 1220 3964 obliviscaris
1231 3896 1382 3983 socerum
1399 3914 1473 3965 non
1489 3890 1590 3964 idem

549 4040 631 4091 esse
651 4021 759 4114 atque
795 4019 923 4088 sotrum
954 4023 1017 4090 aut
1047 4021 1221 4089 iocosum:
1258 4039 1346 4111 ergo
1379 4038 1454 4088 non
1491 4015 1590 4089 sales

548 4141 805 4215 tantummodo
835 4147 899 4215 aut
926 4141 1027 4214 iocos
1053 4163 1145 4236 quos
1178 4138 1421 4234 scriptoribus
1448 4138 1587 4212 dictare
1679 4169 1683 4175 ·

548 4262 606 4337 ius
633 4265 750 4360 potuit
780 4265 840 4339 hic
886 4265 1078 4363 respicias.
1118 4267 1168 4337 Ea
1215 4270 1272 4336 est
1316 4287 1427 4361 supra
1467 4263 1590 4360 posita

549 4389 715 4463 delinitio
744 4397 785 4464 ut
827 4391 976 4464 facetias
1019 4415 1098 4488 qum
1141 4413 1260 4486 neque
1296 4389 1433 4464 hilares
1467 4412 1590 4484 neque

550 4514 715 4588 ridiculae
741 4520 828 4590 sunt
847 4517 1104 4614 amplectatur.
1137 4516 1277 4610 Nempe
1307 4522 1392 4588 sunt
1426 4513 1590 4587 iuridicae
1699 4615 1704 4626 ι
