3718 5836
925 775 973 792 ..
1001 741 1045 806 76
1073 774 1112 792 ..

550 877 615 956 Sin
649 907 779 962 rursus
811 885 1075 986 patrimonium
1104 892 1312 990 possederit
1340 889 1539 968 iudiouua

503 1005 710 1105 proscripta
727 1009 826 1085 bona
854 1009 923 1083 sub
943 1011 1049 1086 basta
1072 1015 1262 1091 venibunt.
1291 1014 1441 1090 Scilicet
1458 1033 1544 1085 auc·

505 1127 597 1205 tioni
627 1132 771 1230 praeibit
792 1162 810 1205 u
835 1157 953 1232 praeco
982 1135 1160 1214 facetus»
1192 1139 1253 1238 (l),
1285 1163 1361 1214 non
1399 1156 1546 1232 semper

507 1257 633 1328 tamen
656 1255 707 1330 ita
735 1257 842 1332 dicax
867 1262 908 1332 ut
928 1259 1113 1336 lllcssenio
1127 1263 1163 1336 in
1187 1267 1399 1338 Menaechmis
1411 1259 1481 1356 (tlt
1502 1279 1546 1330 ac

505 1379 672 1472 tandem,
690 1406 712 1456 a
739 1387 881 1456 sectore
912 1383 1091 1481 pensione
1110 1387 1217 1476 lucta,
1241 1388 1365 1462 lorsan
1385 1381 1548 1459 creditor

508 1529 554 1578 ne
575 1511 689 1580 totam
717 1507 867 1604 quidem
897 1508 1041 1582 unciam
1063 1513 1228 1609 recipiet,
1246 1512 1340 1586 adeo
1355 1509 1472 1584 satius
1493 1508 1551 1580 est

508 1635 722 1726 exspectare
742 1635 777 1706 te
795 1637 832 1706 ct
852 1631 1051 1724 sustinere,
1072 1636 1182 1710 ctiam
1204 1636 1235 1710 si
1251 1635 1440 1710 debitores
1453 1631 1551 1704 Deos

508 1751 607 1833 atter
621 1753 851 1830 Domitianus
872 1755 1022 1832 babeas.
1041 1759 1145 1848 Quod
1167 1765 1323 1834 testatur
1341 1751 1548 1832 Martialis:

591 1939 753 2012 Quantum
768 1941 833 2003 iant
851 1942 995 2024 Superis,
1012 1945 1129 2020 Cacsar,
1146 1945 1292 2025 coeloquc
1310 1941 1430 2006 dedisti
1505 1973 1509 1980 ·

671 2037 704 2097 Si
719 2044 850 2118 repetas
865 2045 898 2102 et
912 2041 1096 2105 si'creditor
1109 2061 1180 2106 esse
1196 2043 1288 2116 velis,

593 2133 730 2196 Grandia
753 2135 786 2196 iu
808 2138 941 2199 aetherio
963 2139 1038 2202 licet
1052 2140 1156 2201 auctio
1173 2139 1229 2202 fiat
1253 2139 1391 2219 Olympo

674 2233 903 2314 Coganturque
921 2237 978 2296 Dei
993 2239 1134 2300 vendere
1154 2237 1313 2318 quidquid
1329 2235 1464 2303 habent,

592 2329 804 2393 Conturbabit
815 2333 938 2408 Atlans,
956 2338 988 2394 et
1001 2353 1064 2396 non
1078 2337 1139 2397 erit
1154 2335 1250 2396 uncia
1263 2338 1333 2396 totu

672 2429 804 2490 Decidat
816 2434 924 2492 tecum
938 2449 1002 2511 qua
1014 2438 1107 2512 pater
1125 2434 1195 2514 ipse
1210 2435 1350 2494 Deum...

1245 2529 1278 2590 E
1275 2529 1364 2611 pipo.
1380 2543 1424 2604 11,
1440 2525 1470 2584 3,

563 2712 616 2784 Ne
632 2712 795 2810 pluradc
812 2713 1031 2790 actionibus.
1056 2719 1145 2791 Rem
1166 2717 1264 2792 cuim
1288 2712 1438 2806 longius
1466 2731 1556 2806 pro·

514 2833 648 2908 ducere
675 2837 723 2910 sit
738 2837 932 2912 odiosum:
955 2846 993 2912 et
1005 2846 1059 2914 tot
1079 2846 1230 2914 ettanta
1249 2837 1416 2935 praebent
1437 2831 1556 2928 scrip·

514 2969 615 3032 tores
631 2965 671 3032 ut
685 2961 836 3035 modum
857 2963 1003 3036 tandem
1026 2965 1096 3040 sibi
1112 2967 1301 3061 imponere
1317 2982 1470 3034 necesse
1494 2955 1555 3030 sit.

515 3083 697 3156 Praeterca
728 3085 817 3158 satis
838 3087 954 3161 multa
974 3091 1151 3186 producta
1167 3095 1254 3163 sunt
1269 3094 1309 3161 ut
1325 3086 1400 3159 iam
1419 3077 1559 3176 legenti

516 3205 656 3300 liqueat
673 3207 831 3301 primum
846 3232 1142 3308 unamquamque
1162 3211 1255 3286 iuris
1271 3216 1416 3308 partem
1437 3213 1558 3280 trans·

517 3309 647 3401 lationi
668 3337 790 3425 aptam
814 3332 941 3422 luisse,
962 3335 1095 3409 deinde
1114 3360 1159 3409 ex
1180 3333 1354 3408 omnibus
1374 3327 1558 3403 institutis

518 3449 806 3526 vindicationem
832 3456 1012 3553 praecipuc
1027 3456 1308 3531 ascribentibus
1326 3450 1560 3527 familiariter

519 3573 735 3668 requisitam
765 3577 890 3652 luisse.
922 3580 1179 3670 Quadecausa
1196 3603 1255 3655 res
1281 3579 1333 3652 ita
1352 3601 1393 3650 sc
1408 3575 1558 3662 babeat,

519 3695 696 3770 nimirum
716 3699 821 3774 lacile
839 3704 960 3776 animo
981 3705 1181 3802 concipies.
1199 3705 1341 3800 Nempe
1366 3706 1404 3774 et
1428 3719 1561 3773 omnes

519 3820 685 3894 actiones
698 3833 732 3896 et
754 3831 886 3920 preter
906 3828 997 3901 alias
1013 3829 1228 3919 vindicatio,
1244 3833 1444 3926 propterea
1460 3823 1562 3919 quod

522 3943 718 4021 candidum
736 3953 771 4020 ct
791 3951 895 4044 quasi
915 3953 1055 4048 puerile
1075 3953 1250 4050 quiddam
1262 3936 1409 4026 larebat
1419 3953 1457 4022 et
1472 3970 1561 4021 ocu·

522 4067 570 4138 lis
597 4067 687 4163 ipsis
714 4076 888 4167 tanquam
910 4074 992 4148 laeta
1018 4101 1128 4152 scena
1162 4077 1371 4164 videbatur,
1411 4093 1562 4147 summo

523 4187 1564 4298 ingeniovirosctdoctrinavulguspraecurreutcspoctas

419 4399 422 4406 ’
556 4415 584 4486 (ι
611 4411 808 4483 uannpqr.
825 4427 846 4482 ι,
866 4414 910 4472 ae.

556 4494 597 4564 (a)
612 4493 646 4550 v.
663 4490 742 4548 roae.
