3718 5836
696 685 891 755 ..37-

269 817 329 909 res
359 860 440 911 sese
464 831 667 922 habuisset,
688 831 866 907 beneficio
891 831 986 928 legis
1007 857 1160 910 usurum
1177 839 1305 927 luisse,

269 977 354 1056 qua,
386 961 416 1039 si
436 960 519 1058 quis
540 959 577 1032 in
594 957 753 1056 petendo
770 955 855 1055 plus
875 957 1182 1054 complecteretur
1198 987 1307 1062 quam

269 1086 315 1158 'ed
337 1109 422 1161 eum
452 1083 670 1184 pertineret,
701 1106 812 1156 causa
838 1082 991 1158 cadebat
1015 1089 1051 1158 et
1083 1086 1142 1159 vel
1177 1089 1308 1165 debitae
1357 1125 1359 1132 ·

243 1209 433 1308 pecuniae
460 1206 644 1283 sententia
664 1206 797 1282 iudicis
824 1207 1002 1282 damnum
1023 1208 1193 1285 iaciebat.
1217 1215 1308 1289 Cum

269 1343 391 1410 autem
406 1335 549 1410 nullam
569 1332 756 1410 eiusmodi
770 1332 891 1430 legem
911 1334 1008 1430 apud
1025 1333 1169 1410 Graecos
1194 1338 1307 1415 latam

270 1484 351 1533 esse
367 1440 554 1558 appareat,
568 1461 639 1534 hoc
657 1482 803 1555 quoque
829 1458 1026 1533 Tranionis
1042 1460 1194 1551 dictum,
1216 1465 1312 1540 sicut

270 1585 388 1660 multa
417 1585 491 1661 alie
524 1610 603 1682 quae
640 1607 859 1658 enumerare
889 1584 1042 1680 longum
1062 1593 1167 1677 est,e
1186 1591 1309 1665 medio

270 1712 349 1784 iero
370 1735 523 1786 romano
546 1709 1001 1786 ductumiuisseomnium
1023 1713 1207 1811 sutlragiis
1223 1739 1309 1789 con-

269 1833 453 1910 firmatur.

319 1960 391 2033 Sed
422 1962 599 2036 hactenus
629 1959 899 2052 consentiunt:
941 1985 1041 2050 nam,
1071 1963 1236 2060 exceptis
1263 1964 1309 2040 iis

270 2086 437 2160 versibus
463 2063 634 2182 unorum,
665 2085 751 2182 quia
779 2085 887 2160 unius
907 2086 1030 2182 gentis
1044 2085 1188 2184 legibus
1219 2089 1306 2163 dant

270 2211 407 2300 locum,
424 2234 499 2284 non
515 2209 753 2306 ambiguaest
765 2209 1032 2307 interpretatio,
1049 2210 1214 2308 reliquos
1228 2213 1305 2299 alii,

269 2335 316 2407 ob
344 2335 381 2407 id
410 2331 533 2432 ipsum
566 2333 665 2430 quod
698 2332 822 2406 Graeca
864 2333 988 2407 fabula
1021 2341 1091 2422 est,
1139 2337 1308 2434 protinus

270 2484 387 2556 graeeo
420 2459 493 2534 iuri
529 2458 735 2554 assignant,
770 2457 848 2548 alii,
879 2459 1013 2554 quibus
1045 2483 1113 2534 nos
1137 2461 1309 2534 assentiri

269 2585 441 2676 letemur,
454 2583 526 2658 iuri
548 2605 717 2658 romano.
740 2585 830 2656 Rem
852 2589 975 2658 autem
989 2608 1071 2659 essa
1086 2586 1209 2684 magni
1230 2610 1308 2660 mo-

272 2709 385 2782 menti
412 2714 449 2783 ct
473 2707 520 2781 ad
544 2708 602 2781 ius
630 2729 826 2805 moresque
843 2731 1012 2782 romanos
1032 2711 1309 2806 pernoscendos

270 2841 434 2932 spectare
448 2835 530 2930 quis
559 2833 747 2930 negaverit
762 2834 779 2906 ἱ)
794 2834 951 2924 Etenim,
975 2835 1006 2907 si
1028 2859 1093 2931 pro
1119 2841 1219 2910 certo
1240 2837 1306 2912 ha·

269 2962 437 3034 bebimus
451 2959 564 3033 adius
583 2959 744 3058 patrium
759 2960 974 3057 plerumque
988 2961 1166 3035 intentam
1189 2961 1305 3038 fuisse

273 3085 389 3158 Plauti
410 3089 586 3166 mentem,
609 3083 720 3157 fidem
742 3083 849 3158 nobis
865 3085 1020 3158 atterent
1051 3085 1197 3174 tabulae,
1233 3087 1308 3162 illis

268 3209 511 3306 temporibuS‚
536 3216 572 3282 ct
593 3209 906 3283 manumissiones
923 3209 1178 3303 liberioribus,
1198 3235 1308 3309 quam

268 3335 443 3432 legitimis
463 3333 647 3423 vindictae,
686 3357 818 3408 census
854 3341 890 3408 ct
931 3335 1155 3427 testamenti,
1187 3339 1309 3413 modis

269 3460 349 3534 lieri
362 3459 531 3556 coepisse,
553 3465 590 3532 et
615 3459 721 3533 bonae
741 3459 827 3532 fidei
845 3465 950 3556 pacta
966 3460 1046 3534 sine
1067 3460 1226 3536 solemni
1247 3465 1310 3537 sti-

269 3584 458 3683 pulatione
474 3583 657 3679 usurpari,
683 3590 719 3657 et
735 3583 910 3679 pleraque
931 3583 1078 3680 negotia
1096 3609 1159 3682 per
1187 3591 1308 3684 trape-

270 3711 358 3783 zitas
371 3708 530 3794 tractari,
549 3707 707 3804 denique
734 3707 808 3784 iam
820 3715 900 3782 tum
914 3708 980 3782 illa
994 3715 1101 3782 aetete
1121 3705 1309 3806 antiquam
1324 3727 1326 3732 '

270 3834 388 3909 stricti
403 3833 495 3908 iuris
511 3833 761 3921 severitatem,
785 3834 983 3908 adiuvante
1003 3857 1148 3908 morum
1181 3836 1309 3910 huma-

271 3960 402 4050 nitate,
422 3960 537 4034 luissc
568 3960 785 4056 mitigatam.
825 3963 871 4033 At
902 3965 1043 4050 contra,
1074 3961 1105 4033 si
1126 3963 1312 4060 Rudolphi

272 4109 390 4180 graeco
401 4083 473 4159 iuri
483 4086 640 4158 laventis
653 4087 872 4160 sententiam
887 4109 1098 4181 sequemur,
1112 4087 1214 4161 nolle
1226 4113 1312 4185 pars

271 4211 395 4306 legum
411 4210 653 4306 etvitaeapud
675 4211 876 4298 Romanos,
898 4212 1063 4308 exceptis
1087 4211 1310 4306 quibusdam
1395 4221 1398 4224 ’

273 4334 489 4408 certissimis
509 4334 614 4423 lucia,
638 4359 682 4408 ex
707 4335 888 4409 Plautinis
921 4333 1056 4414 fabulis
1086 4337 1221 4432 poterit
1245 4339 1311 4410 de-

274 4459 468 4554 prehendi.
911 4461 913 4466 ’
