3718 5836
930 787 979 802 -
1004 747 1050 820 94
1077 791 1132 827 -.

424 981 429 996 ,
503 909 634 982 tamen⁸
657 900 817 988 oberrat,
848 923 928 996 quae
958 899 1119 976 maxima
1141 905 1198 976 est
1215 900 1410 976 delectatio
1432 901 1537 998 (l).-

503 1025 585 1100 Nou
618 1025 818 1098 obberrant
840 1021 941 1098 enim
976 1025 1133 1098 Romani
1165 1027 1313 1122 quando
1333 1023 1545 1100 intraiuris
1651 1051 1654 1056 ·

504 1148 598 1223 lines
612 1155 819 1236 versantur,
837 1153 873 1222 el
892 1147 992 1260 domi
1009 1173 1048 1221 se
1064 1169 1149 1222 esse
1169 1148 1241 1222 sibi
1269 1127 1409 1223 conscii
1439 1153 1540 1234 suut,

505 1297 701 1370 nequeeos
716 1273 795 1349 alio
820 1273 965 1346 avocari
987 1272 1066 1348 ulla
1096 1273 1141 1348 de
1159 1297 1270 1348 causa
1289 1273 1456 1350 accidere
1476 1295 1544 1368 po·

505 1405 592 1472 test.
613 1399 706 1470 Tum
719 1397 789 1486 ioci
804 1397 914 1472 edam
931 1421 997 1471 cur
1023 1397 1069 1472 iis
1089 1397 1258 1494 placeant
1274 1397 1377 1488 facile
1404 1395 1545 1492 intelli-

506 1521 628 1620 gitur:
652 1546 786 1622 nempe
815 1523 902 1619 quia
926 1547 1174 1620 numquama
1200 1523 1280 1597 loro
1312 1529 1348 1596 et
1374 1521 1547 1598 civilibus

475 1729 479 1740 K
508 1646 690 1724 institutis
720 1671 824 1722 mens
844 1647 961 1738 abest,
982 1671 1050 1722 nec
1076 1654 1203 1722 tamen
1234 1647 1306 1724 illa
1321 1645 1462 1724 lucetiis
1486 1645 1548 1719 de.

505 1751 698 1846 bonestari
726 1773 953 1862 existimant,
994 1779 1121 1870 utpote
1148 1795 1262 1872 supra
1295 1777 1549 1870 contemptum

510 1897 634 1996 posita
649 1907 685 1972 et
704 1922 770 1972 sua
786 1898 979 1972 maiestate
992 1887 1156 1972 defensa.
1180 1897 1326 1976 Tullius
1355 1898 1449 1994 ipse,
1467 1917 1566 1994 cum,

511 2029 549 2096 et
566 2022 650 2098 aliis
666 2023 703 2096 in
724 2021 815 2100 locis
841 2028 876 2096 et
891 2022 928 2095 in
946 2023 1112 2100 oratione
1129 2047 1198 2120 pro
1216 2025 1375 2126 ⁴Murena
1394 2044 1469 2095 nou
1492 2019 1550 2092 in·

513 2149 865 2236 tactueadimiserit,
883 2135 1055 2222 tamenin
1074 2149 1240 2222 oratione
1255 2171 1322 2244 pro
1343 2135 1458 2220 Balbo
1479 2169 1552 2218 non

514 2274 634 2371 potuit
648 2275 737 2369 quin
753 2271 978 2348 exclamaret
996 2298 1003 2346 :

555 2470 662 2531 Olera
676 2468 841 2548 praeclara,
861 2474 959 2547 atque
985 2469 1141 2533 divinitus
1165 2471 1229 2530 iam
1257 2469 1333 2531 iude
1355 2489 1374 2530 u
1395 2469 1555 2547 principio

515 2568 641 2632 romani
652 2567 794 2630 nominis
809 2569 1014 2646 comparata!

1230 2663 1422 2738 probatio,
1445 2665 1493 2726 13.
1558 2640 1561 2644 ’
1653 2629 1656 2642 '

500 2892 617 2977 ¹ldem
649 2890 686 2962 in
720 2888 839 2984 primo
866 2891 912 2958 lte
949 2891 1088 2959 &olore
1118 2887 1213 2961 libro
1250 2893 1442 2985 superatas
1473 2909 1554 2958 esse

517 3013 648 3078 omnes
682 3001 990 3102 philosophorum
1039 3001 1282 3078 bibliothecas
1319 3001 1371 3076 ait
1404 3007 1477 3078 uuo
1510 2999 1555 3072 ll·

517 3127 828 3203 belloDuodecim
844 3125 994 3200 illarum
1008 3126 1232 3201 Tabularum
1244 3151 1350 3226 quaa,
1363 3125 1474 3199 Decio
1488 3125 1556 3198 im·
1572 3202 1577 3208 ,

518 3258 684 3356 perunte,
706 3251 815 3324 etiam
837 3255 922 3324 tum
944 3250 985 3322 in
999 3273 1070 3324 aere
1085 3249 1289 3350 insculptas
1309 3251 1394 3326 etin
1413 3247 1559 3347 publico
1666 3333 1670 3342 ι

519 3375 708 3474 expositas
724 3375 838 3448 luisse
873 3379 1022 3448 sanctus
1042 3375 1247 3473 Cyprianus
1265 3381 1498 3452 auctorest:
1521 3376 1562 3444 ut

435 3547 437 3554 ,
520 3501 589 3574 boc
609 3520 676 3596 pro
702 3503 804 3572 certo
839 3493 969 3574 ¹baberi
992 3499 1123 3596 possit,
1151 3505 1291 3574 tantam
1319 3497 1583 3592 iurisoivilism

520 3623 616 3722 apud
641 3624 827 3696 Romanos
854 3622 1139 3697 admirationem
1158 3623 1286 3716 luisse,
1310 3631 1365 3712 ut,
1388 3620 1563 3698 sineullo

521 3743 772 3820 uenerationis
799 3746 935 3820 damno
952 3746 1202 3822 deridiculum
1227 3749 1265 3822 in
1296 3749 1449 3824 modum
1470 3743 1563 3820 verti

522 3869 712 3969 potuerint
724 3869 904 3944 vocabula
919 3870 1090 3960 iuridica‚
1107 3876 1143 3944 et
1161 3871 1241 3964 ius,¹
1255 3873 1358 3947 velut
1384 3872 1423 3946 in
1442 3869 1564 3945 media
1584 3902 1586 3908 ¹

523 3993 703 4092 triumphi
719 4016 853 4090 pompa
867 3995 1010 4098 consul,
1034 3994 1410 4080 lucetiislacessitum
1439 3993 1562 4082 luerit,
1634 4041 1637 4050 ·
1676 4061 1679 4066 .

483 4138 600 4191 ·non
620 4114 869 4190 deminutum.
979 4179 982 4184 .
1587 4119 1591 4129 '

573 4243 663 4332 lam,
683 4239 715 4313 si
730 4239 834 4312 illam
855 4243 1010 4316 Romani
1037 4245 1200 4318 hominis
1222 4268 1435 4348 personam²
1456 4265 1583 4337 quam,
1649 4281 1656 4304 ι

563 4508 601 4579 ll)
618 4509 658 4564 De
672 4505 753 4562 Orat.
768 4519 811 4572 ru,
825 4505 872 4562 lo.
