3718 5836
941 752 1137 822 ..40-

527 908 658 1010 iactata
670 901 875 987 sententiis,
899 922 1067 996 quarum,
1086 897 1118 972 si
1138 921 1321 972 summam
1335 899 1561 998 perpendere

510 1035 640 1116 'vacet
661 1049 830 1112 numero,
860 1025 891 1098 si
910 1023 1165 1098 auctoritatem
1194 1021 1259 1119 (1),
1299 1025 1462 1121 pondere
1478 1026 1561 1099 rin-

525 1177 663 1230 camus.
687 1151 774 1238 Sed,
793 1147 897 1244 quasi
910 1148 1092 1244 dirempta
1109 1149 1372 1238 controversia,
1392 1149 1560 1226 Plautum

526 1305 547 1353 e
565 1301 671 1351 servo
692 1273 919 1348 imitatorum
938 1295 1047 1368 grege
1078 1295 1152 1346 non
1173 1295 1379 1368 segregare,
1400 1275 1564 1370 quidest

525 1403 626 1478 aliud
640 1423 749 1498 quam
765 1397 867 1472 litem
883 1397 947 1470 lite
967 1395 1180 1470 resolvere?

575 1529 651 1600 Hae
692 1531 816 1597 tamen
855 1519 1063 1594 disserendi
1105 1519 1247 1594 ratione
1289 1521 1444 1596 adversa
1479 1545 1564 1620 pars

529 1654 663 1738 utitur;
698 1670 816 1744 neque
841 1645 1022 1732 Plautum,
1047 1649 1173 1740 utpote
1201 1650 1360 1742 poetam,
1379 1646 1562 1742 poeticum

528 1803 635 1876 opus,
657 1773 764 1878 aienti
785 1773 949 1860 domum,
972 1770 1018 1842 ab
1036 1767 1120 1844 aliis
1135 1769 1362 1866 descriptum
1381 1777 1418 1844 et
1439 1771 1563 1867 dispo-

527 1905 639 1978 situm
654 1899 699 1974 ad
714 1921 822 1972 suurn
838 1919 946 1970 usum
961 1893 1187 1968 convertisse
1200 1893 1239 1966 in
1260 1893 1563 1968 deliberationem

529 2027 629 2100 venit
649 2046 659 2112 ;
682 2022 747 2096 sed
767 2020 879 2094 nimis
900 2019 995 2092 tidus
1020 2017 1184 2092 imitator
1207 2024 1243 2092 et
1273 2019 1359 2092 furti
1379 2018 1564 2093 manifesti

528 2175 612 2226 reus
630 2149 727 2221 intra
741 2145 899 2244 parietes
925 2144 1135 2216 damnatur.
1158 2141 1249 2216 Hinc
1278 2166 1352 2216 non
1372 2166 1562 2240 argumen-

527 2275 643 2363 tandi,
668 2272 732 2346 sed
752 2267 947 2343 decidendi
968 2273 1004 2340 et
1033 2267 1268 2356 decernendi,
1290 2268 1455 2344 lubricus
1475 2293 1563 2342 sane

528 2408 564 2476 et
584 2391 969 2493 incomprehensibilis
989 2393 1121 2466 modus
1145 2413 1155 2479 ;
1186 2415 1240 2479 ae,
1271 2394 1300 2464 si
1327 2393 1412 2466 licet
1439 2400 1564 2490 aperte

528 2527 661 2612 dicere,
680 2519 806 2596 Gallus
827 2517 1044 2614 Rudotphus
1062 2541 1144 2590 eum
1174 2517 1334 2591 Ausonio
1355 2518 1464 2594 Costa
1490 2544 1563 2593 non

527 2653 606 2725 iure
619 2630 882 2744 gentium‘rem
904 2642 990 2738 agit,
1009 2641 1073 2714 sed
1093 2640 1215 2738 potins
1230 2641 1344 2730 civili,
1361 2645 1563 2740 eodemque

528 2773 669 2857 stricto,
688 2771 802 2842 immo
820 2765 1012 2841 scolastico
1030 2766 1123 2839 iure.
1141 2765 1197 2840 Ab
1209 2789 1283 2840 uno
1299 2775 1334 2840 et
1352 2767 1469 2843 altero
1483 2769 1563 2842 loeo

409 2901 411 2908 ’
528 2898 628 2970 disee
648 2917 777 2968 omnes
806 2918 815 2964 :
841 2923 856 2959 ιι
886 2893 1053 2986 Persaepe
1076 2890 1117 2962 fit
1150 2875 1201 2974 ut,
1231 2915 1313 2964 cum
1335 2891 1425 2964 iuris
1457 2893 1563 2988 graeei

531 3022 757 3096 mentionem
779 3016 857 3090 tieri
886 3025 1027 3090 eertum
1053 3015 1112 3105 sit,
1136 3015 1186 3088 ibi
1211 3015 1304 3090 iuris
1327 3017 1470 3090 romani
1490 3041 1563 3092 non

528 3147 608 3220 fieri
628 3169 702 3219 non
723 3144 771 3217 sit
800 3147 954 3216 certum.
984 3129 1113 3213 Atius
1136 3124 1330 3212 romanum
1357 3141 1565 3215 restituenti

527 3271 675 3371 quidvis
695 3267 876 3345 coniicere
893 3291 965 3339 non
988 3265 1123 3339 suffieit
1140 3292 1150 3354 ς
1169 3287 1252 3338 nam
1270 3265 1317 3354 ei,
1336 3267 1398 3360 qui
1425 3267 1563 3362 aliquid

526 3402 726 3482 asseverat,
766 3391 948 3466 incumbit
991 3389 1173 3486 probatio,
1225 3413 1292 3462 nee
1332 3389 1454 3463 solum
1485 3391 1565 3464 fieri

527 3521 703 3620 potuisse,
727 3517 791 3592 sed
807 3514 1060 3589 reveraiuisse
1081 3512 1309 3608 probandum
1328 3521 1385 3588 est
1405 3519 1468 3608 (Ξ).
1497 3544 1512 3584 a
1582 3510 1586 3516 ’

536 3701 539 3708 -
574 3645 685 3720 Addit
705 3643 851 3717 etiam:
884 3669 900 3708 a
931 3639 971 3710 ln
1001 3638 1212 3712 universum
1240 3639 1478 3714 statuendum
1509 3646 1566 3712 est

525 3773 711 3858 Plautum,
734 3765 878 3865 quoties
895 3765 940 3836 de
960 3762 1039 3836 iure
1056 3761 1234 3858 loquitur,
1259 3763 1304 3835 de
1332 3762 1412 3837 iure
1431 3788 1561 3860 graeco,

526 3894 671 3970 etiamsi
690 3890 815 3966 latinis
828 3887 950 3961 verbis
962 3893 1099 3972 utatur,
1118 3909 1191 3958 non
1211 3887 1256 3958 de
1275 3909 1429 3961 romano
1444 3888 1560 3984 loqui.

527 4019 713 4094 interdum
734 3997 1026 4112 ¹quidem‘graeeea
1044 4008 1247 4085 narrationi
1270 4012 1437 4105 quaedam
1452 4036 1471 4085 a
1485 4012 1563 4085 iure

562 4295 599 4366 (t)
628 4291 750 4348 Nandet.
777 4287 876 4345 Ptoott
902 4285 1051 4342 translate
1077 4283 1223 4340 eomoedioe.
1239 4283 1312 4342 Vide
1338 4283 1563 4346 Commentarios

523 4375 629 4452 ‘passim
641 4378 669 4430 et
678 4369 833 4441 oracione,
845 4383 866 4436 1,
879 4366 943 4431 379,
956 4369 984 4421 et
999 4381 1025 4430 v,
1040 4365 1101 4421 407.
1114 4365 1145 4441 G:
1158 4364 1289 4436 Boissien
1302 4365 1442 4432 Quomodo
1454 4368 1564 4424 Grecos

522 4459 617 4528 poetae
627 4452 745 4508 Plautus
761 4446 955 4512 transtulerit,
971 4446 1078 4510 Tiresia,
1095 4444 1221 4510 ParisiiS,
1241 4440 1319 4502 1857.

561 4535 599 4608 (a)
611 4533 642 4588 e.
661 4531 725 4588 ror.
