3718 5836
720 703 839 788 ..¹63
867 743 915 756 -

301 851 360 940 get
379 855 415 922 et
441 849 600 926 liberum
621 875 702 926 esse
722 851 934 942 affirmabit,
958 851 1050 928 nihil
1076 855 1227 931 domino
1252 883 1338 932 oon·

302 973 518 1050 tradicenle.
538 979 640 1051 Hunc
659 977 823 1076 proiecto
856 1001 976 1052 causae
995 977 1160 1054 liberalis
1175 981 1344 1084 eaerimo3

299 1096 412 1190 niam,
427 1125 537 1196 quom
551 1106 922 1179 Curculioell'oeoulus
935 1113 1242 1194 commemorant,
1259 1079 1338 1203 pluf

296 1222 380 1298 rimi
413 1233 498 1302 suut
520 1227 719 1326 scriptores
748 1228 810 1326 qui
841 1229 1093 1303 meminerint.
1116 1231 1252 1306 Servus
1277 1232 1339 1304 ille

273 1439 276 1450 Ι
297 1337 358 1442 qui
386 1351 594 1428 libertatem
611 1355 739 1451 spirat,
762 1378 860 1428 nuno
884 1353 979 1427 liber
998 1353 1132 1452 estqui
1153 1355 1245 1429 duro
1263 1355 1339 1454 pla·

296 1476 690 1580 giarioreclamat(1);
708 1505 805 1556 nuno
824 1486 887 1553 aut
913 1479 1021 1570 Urbs,
1045 1485 1107 1554 aut
1129 1481 1338 1578 respublica

297 1609 358 1677 aul
384 1628 443 1677 res
459 1602 586 1702 populi
611 1605 650 1688 in
678 1605 888 1680 libertatem
909 1603 1120 1681 vindicatur
1134 1607 1201 1703 (2).
1224 1607 1282 1695 At,
1306 1606 1337 1678 si

296 1728 450 1803 Romam
484 1732 709 1805 servientem
733 1754 838 1826 aequo
867 1729 991 1803 animo
1019 1729 1129 1820 feras,
1153 1733 1339 1826 quomodo

296 1876 370 1927 non
390 1855 526 1928 toleres
551 1887 566 1925 r
586 1862 704 1929 Curios
722 1862 1002 1951 assertoresque
1019 1853 1195 1929 Camillos
1212 1855 1263 1952 (3)
1283 1883 1300 1924 n
1322 1859 1340 1930 ‘l

297 1979 427 2070 lmmo,
444 2005 527 2054 oum
544 1983 674 2056 eodem
697 1987 889 2080 ,praeeunte
908 1986 1015 2076 poeta
1035 1985 1218 2054 terrerum
1239 1979 1340 2054 orbis

299 2103 378 2201 ipse
411 2106 493 2180 vivo
517 2107 662 2182 Nerone
690 2132 819 2182 servus
852 2105 974 2196 luerit,
999 2107 1232 2180 venerandus
1255 2105 1339 2210 ‚erit

300 2253 418 2304 annus
435 2225 499 2304 ille

536 2410 662 2473 Asserto
678 2411 734 2492 qui
747 2429 838 2474 sacer
866 2408 939 2472 orbe
952 2411 1014 2472 fuit
1028 2407 1081 2492 (tl.

300 2603 430 2678 Audax
450 2605 568 2702 magis
584 2608 758 2682 Horatius
773 2611 914 2697 noster,
927 2606 986 2681 oui
1000 2630 1105 2680 mens
1121 2607 1242 2703 gravis
1262 2609 1336 2683 les·

299 2727 374 2802 tiva
392 2730 516 2826 specie
540 2733 782 2828 praelegitur:
801 2755 948 2828 nempe,
978 2737 1174 2828 autequam
1197 2732 1336 2808 Seneca

298 2854 436 2928 diceret
448 2859 547 2928 Serui
561 2857 675 2930 suot?
698 2863 803 2932 Immo
818 2861 979 2945 corrueret,
998 2855 1070 2930 iam
1084 2881 1123 2930 se
1141 2856 1234 2954 ipse,
1252 2881 1336 2934 cum

297 2981 398 3053 Davo
424 2982 584 3074 locutuS,
612 2985 764 3080 rogabat
795 3007 884 3059 num
913 2981 1003 3055 civis
1033 2981 1095 3056 ille
1121 2981 1216 3056 liber
1252 3007 1336 3058 esse

283 3110 424 3204 ¹posset
442 3107 548 3182 ouius
569 3110 728 3184 serviret
746 3109 917 3184 animus:
1120 3109 1123 3115 ’

373 3281 468 3361 Tune
484 3290 563 3350 mihi
580 3287 732 3358 dominus,
748 3307 856 3350 rerum
871 3287 1016 3364 imperiis
1032 3287 1266 3368 hominumque

377 3391 436 3450 Tot
449 3388 614 3466 tantisque
629 3389 746 3462 minor,
770 3403 867 3466 quem
881 3393 928 3445 ter
942 3383 1078 3445 vindicta
1093 3392 1265 3466 quaterque

376 3464 533 3568 Imposila
548 3486 636 3548 haud
651 3503 796 3564 unquam
810 3484 931 3545 misere
944 3483 1117 3545 formidine
1139 3483 1247 3563 privet
1262 3484 1276 3542 l

1018 3579 1087 3645 Sat.
1104 3598 1139 3657 11,
1156 3583 1185 3661 7,
1203 3581 1252 3642 75.

347 3775 431 3847 Rus.
454 3775 525 3847 Res
550 3777 734 3846 noverunt
762 3769 934 3858 consulti,
968 3774 1151 3865 quatenus
1185 3775 1337 3867 propter
1426 3821 1429 3828 -

299 3923 361 3972 eas
381 3899 550 3996 proxima
567 3903 630 3972 aut
653 3896 775 3971 media
804 3895 886 3969 iura
911 3894 1081 3993 personis
1106 3900 1332 3969 nascuntur:

297 4031 376 4099 turn
390 4025 454 4098 illa
469 4025 585 4099 iuraa
603 4022 777 4097 familiari
797 4022 877 4095 iure
902 4021 947 4094 de
979 4044 1051 4118 quo
1072 4020 1334 4118 supradictum

334 4237 375 4311 (l)
389 4240 470 4296 Mart.
488 4239 601 4310 Epion,
619 4239 641 4307 l,
657 4237 711 4305 523
727 4236 788 4292 vid.
804 4250 900 4308 supra¹
917 4251 945 4308 p.
970 4236 1014 4293 24.

333 4319 370 4392 li)
386 4319 443 4377 Cic.
457 4321 497 4376 De
511 4323 592 4390 Rep.⁹
607 4320 630 4387 l,
647 4319 702 4384 32;
718 4319 759 4374 De
773 4319 865 4382 Orat,
876 4317 913 4380 ll,
930 4316 964 4374 23
978 4332 985 4383 ;
1000 4315 1093 4386 Epist.
1111 4315 1162 4373 175
1181 4319 1208 4372 et
1224 4315 1287 4373 81².

333 4398 371 4471 (3)
385 4399 468 4456 Mart.
488 4401 599 4470 Epion,
615 4399 640 4463 Ι,
651 4398 695 4454 24.
709 4397 750 4456 Cl.
767 4397 848 4455 Ovid.
866 4396 976 4454 nemea.
998 4395 1088 4452 Amor
1103 4395 1202 4464 ,1,72‚
1217 4397 1261 4454 73.

334 4479 371 4549 (ll
383 4479 461 4540 Mart.
480 4480 593 4551 Epiqr,
613 4477 675 4544 Vll,
692 4476 736 4534 63.
